2216 3288
782 334 927 385 cAP.
980 335 1178 386 1-111,
1250 340 1275 400 g
1309 338 1444 386 3—8
1853 335 1886 382 3

321 453 535 512 iudiceS‚
607 454 706 502 hoc
766 453 1016 517 postulat,
1089 459 1165 512 ut,
1230 453 1479 518 quoniam
1549 452 1603 501 in
1664 452 1890 502 alienam

327 536 604 602 pecuniam
626 594 630 597 ,
650 541 763 587 tam
788 538 999 602 plenam
1026 543 1189 601 atque
1231 538 1556 602 praeclaram
1581 535 1728 586 nullo
1771 535 1884 585 iure

319 619 588 678 invaserit,
636 619 988 684 quoniamque
1033 620 1079 669 ei
1122 619 1371 684 pecuniae
1413 619 1528 668 vita
1571 617 1686 668 Sex,
1735 617 1891 667 Rosci

320 703 533 752 obstare
557 706 717 766 atque
748 701 950 752 officere
969 702 1229 760 videatur,
1262 702 1479 752 deleatis
1500 718 1564 750 ex
1596 700 1771 750 animo
1792 715 1889 750 suo

322 785 671 850 suspicionem
723 801 932 834 omnem
984 789 1290 849 metumque
1343 784 1572 843 tollatis;
1638 799 1747 833 sese
1790 784 1890 833 hoc

325 867 572 917 incolumi
621 884 727 917 non
779 869 1065 918 arbitratur
1105 867 1258 916 huius
1308 867 1599 916 innocentis
1639 866 1890 931 patrimo-

323 950 472 999 nium
524 956 637 1000 tam
699 948 934 1014 amplum
986 955 1039 999 et
1102 950 1369 1014 copiosum
1422 966 1572 1014 posse
1634 948 1886 1008 obtinere,

320 1033 578 1083 damnato
631 1038 684 1082 et
727 1033 891 1082 eiecto
944 1037 1119 1097 sperat
1163 1049 1216 1082 se
1259 1049 1424 1097 posse,
1480 1033 1623 1096 quod
1667 1033 1890 1096 adeptus

319 1121 404 1165 est
453 1133 546 1180 per
603 1116 782 1174 scelus,
835 1115 890 1164 id
949 1132 1041 1180 per
1090 1116 1351 1165 luxuriam
1410 1115 1675 1164 effundere
1726 1120 1888 1180 atque

324 1215 639 1248 consumere.
722 1199 878 1247 Hunc
927 1199 1027 1247 sibi
1084 1215 1148 1248 ex
1198 1198 1372 1248 animo
1430 1198 1745 1263 scrupulum,
1799 1197 1890 1262 qui

323 1298 379 1331 se
418 1282 526 1331 dies
565 1285 848 1346 noctesque
897 1282 1135 1330 stimulat
1184 1298 1244 1330 ac
1283 1281 1484 1346 pungit,
1536 1286 1596 1330 ut
1637 1281 1885 1339 evellatis,

325 1365 574 1430 postulat,
617 1370 677 1414 ut
717 1365 786 1416 ad
823 1366 958 1415 hanc
997 1381 1147 1414 suam
1186 1365 1436 1429 praedam
1475 1370 1588 1413 tam
1635 1364 1890 1413 nefariam

324 1447 589 1497 adiutores
618 1465 713 1497 vos
742 1447 1106 1514 profiteamini,

461 1531 514 1581 Si
554 1532 705 1581 vobis
747 1548 917 1596 aequa
958 1536 1010 1580 et
1064 1533 1285 1580 honesta
1324 1530 1611 1595 postulatio
1660 1530 1884 1588 videtur,
1922 1532 1955 1581 7

324 1614 535 1674 iudiceS‚
594 1631 687 1679 ego
743 1619 926 1664 contra
979 1616 1194 1664 brevem
1248 1613 1656 1678 postulationem
1712 1613 1891 1662 adfero

322 1702 395 1756 et,
429 1714 533 1762 quo
562 1699 720 1747 modo
760 1698 887 1747 mihi
926 1697 1228 1762 persuadeO,
1262 1697 1533 1761 aliquanto
1573 1697 1887 1761 aequiorem.

327 1781 427 1831 III.
464 1780 700 1830 Primum
723 1798 755 1830 a
785 1781 1117 1844 Chrysogono
1139 1784 1277 1844 petO,
1311 1785 1372 1829 ut
1392 1780 1615 1845 pecunia
1646 1779 1891 1829 fortunis-
1940 1767 1943 1770 ⁵

326 1880 429 1928 que
444 1864 635 1913 nostris
650 1868 928 1913 contentus
944 1863 1028 1921 sit,
1047 1863 1352 1926 sanguinem
1368 1867 1421 1912 et
1437 1863 1607 1911 vitam
1623 1879 1687 1912 ne
1703 1867 1853 1926 petat
1877 1878 1887 1922 ;

326 1947 514 1996 deinde
535 1963 567 1996 a
586 1947 752 2004 vobis,
787 1947 996 2004 iudices,
1020 1951 1081 1995 ut
1113 1946 1390 1995 audacium
1413 1946 1588 1994 sceleri
1619 1945 1887 2003 resistatis,

327 2030 685 2079 innocentium
736 2030 1092 2079 calamitatem
1143 2030 1326 2078 levetis
1369 2033 1422 2078 et
1465 2029 1519 2077 in
1571 2045 1728 2077 causa
1771 2029 1887 2078 Sex.

328 2114 484 2162 Rosci
514 2113 814 2177 periculum,
858 2113 1002 2177 quod
1039 2113 1093 2161 in
1124 2128 1303 2161 omnes
1342 2111 1648 2170 intenditur,
1680 2112 1890 2176 propul-

325 2196 465 2245 setis.
547 2196 744 2260 Quodsi
779 2201 871 2244 aut
906 2211 1063 2245 causa
1107 2195 1333 2244 criminis
1378 2199 1470 2244 aut
1507 2195 1633 2243 facti
1667 2194 1891 2259 suspicio
1926 2196 1959 2246 8

323 2283 422 2327 aut
468 2278 731 2342 quaelibet
786 2279 1009 2343 denique
1054 2278 1139 2327 vel
1194 2278 1411 2326 minima
1456 2294 1535 2326 res
1590 2277 1888 2342 reperietur,

325 2378 490 2426 quam
537 2363 604 2411 ob
653 2378 762 2410 rem
817 2361 1096 2410 videantur
1150 2361 1223 2409 illi
1270 2371 1375 2409 no'n
1432 2361 1562 2410 nihil
1607 2366 1786 2409 tamen
1834 2360 1888 2409 in

325 2445 608 2493 deferendo
652 2445 860 2493 nomine
903 2445 1081 2502 secuti,
1128 2450 1391 2508 postremo
1436 2443 1478 2492 si
1522 2449 1727 2508 praeter
1774 2459 1891 2492 eam

327 2527 591 2592 praedam,
634 2544 794 2591 quam
842 2527 963 2586 dixi,
1015 2526 1297 2592 quicquam
1335 2527 1478 2575 aliud
1524 2542 1710 2575 causae
1749 2526 1890 2575 inve-

329 2611 523 2668 neritis,
570 2627 675 2659 non
729 2626 1039 2669 recusamus,
1087 2609 1214 2674 quin
1267 2610 1471 2658 illorum
1524 2609 1726 2658 libidini
1771 2610 1887 2659 Sex.

331 2693 486 2742 Rosci
508 2694 623 2742 vita
658 2693 894 2742 dedatur.
952 2692 1041 2743 Sin
1077 2693 1220 2741 aliud
1244 2692 1417 2755 agitur
1450 2692 1592 2750 nihil,
1621 2692 1719 2740 nisi
1745 2696 1804 2740 ut
1830 2693 1893 2741 iis

330 2773 395 2826 ne
419 2776 547 2840 quid
570 2777 719 2833 desit,
757 2776 946 2840 quibus
970 2776 1098 2825 satis
1122 2775 1250 2824 nihil
1285 2780 1377 2834 est,
1406 2775 1448 2823 si
1473 2776 1569 2823 hoc
1603 2775 1769 2823 solum
1794 2776 1892 2824 hoc

331 2863 564 2924 tempore
580 2864 858 2923 pugnatur,
878 2864 938 2907 ut
957 2859 1024 2908 ad
1048 2859 1190 2907 illam
1215 2858 1445 2922 opimam
1470 2858 1895 2922 praeclaramque

328 2942 577 3006 praedam
609 2941 879 2990 damnatio
900 2942 1014 2991 Sex.
1041 2941 1195 2990 Rosci
1225 2942 1370 2990 velut
1392 2941 1630 2989 cumulus
1661 2941 1891 2999 accedat,
