2216 3288
2045 132 2058 144 2
2042 41 2085 94 κεζι

315 377 380 425 24
777 375 921 425 PRo
969 347 1122 426 sEXss
1176 376 1430 427 Roscm

209 498 280 548 64
401 496 613 545 XXIII.
653 496 776 544 Non
794 495 872 544 ita
888 495 1071 545 multis
1089 500 1215 545 ante
1232 497 1384 546 annis
1401 497 1552 547 aiunt
1570 498 1628 547 T.
1649 497 1885 547 Caelium

318 579 601 643 quendam,
643 578 1090 637 Tarracinensem,
1132 580 1399 629 hominem
1438 597 1545 630 non
1583 581 1882 639 obscurum,

317 679 439 711 cum
470 667 688 712 cenatus
718 663 961 711 cubitum
990 663 1044 711 in
1074 663 1215 712 idem
1245 664 1495 713 conclave
1525 680 1646 713 cum
1677 649 1886 715 duobus

314 746 744 795 adulescentibus
766 746 884 795 filiis
906 746 1046 804 isset,
1071 746 1352 796 inventum
1374 763 1485 797 esse
1506 764 1662 797 mane
1682 747 1884 811 iugula-

315 833 450 878 tum.
490 830 622 879 Cum
650 846 821 894 neque
849 845 1032 878 servus
1059 830 1342 895 quisquam
1371 831 1687 895 reperiretur
1713 846 1886 896 neque

316 912 462 970 liber,
487 913 555 961 ad
575 929 734 977 quem
756 929 818 961 ea
838 904 1067 978 suspicio
1084 914 1388 978 pertineret,
1412 914 1468 963 id
1488 913 1682 964 aetatis
1702 919 1886 964 autern

318 996 424 1044 duo
450 996 541 1045 filii
566 1000 784 1061 propter
809 997 1065 1046 cubantes
1091 1013 1156 1046 ne
1182 998 1402 1047 sensisse
1428 998 1643 1062 quidem
1669 1014 1723 1047 se
1748 997 1886 1048 dice-
1908 1048 1913 1052 ,
1943 1015 1946 1017 ’

316 1083 449 1137 rent,
477 1079 693 1129 nomina
716 1079 943 1129 filiorum
968 1080 1034 1130 de
1057 1079 1337 1145 parricidio
1363 1081 1541 1131 delata
1565 1085 1704 1131 sunt.
1745 1080 1887 1146 Quid

314 1167 528 1228 poterat
557 1166 671 1212 tam
701 1179 812 1212 esse
841 1163 1188 1228 suspiciosum
1213 1166 1232 1214 Ρ
1266 1168 1585 1215 neutrumne
1613 1165 1835 1214 sensisse
1858 1165 1878 1214 Ρ
1952 1213 1954 1216 ,

315 1261 505 1295 ausum
555 1251 735 1296 autem
785 1261 900 1297 esse
949 1264 1272 1312 quemquam
1322 1264 1376 1297 se
1425 1248 1479 1297 in
1527 1248 1583 1297 id
1631 1248 1882 1298 conclave

303 1314 647 1379 ¹committere
700 1347 762 1379 eo
812 1330 1149 1395 potissimum
1201 1335 1454 1396 tempore,
1509 1348 1631 1381 cum
1681 1331 1882 1382 ibidem

315 1419 489 1462 essent
520 1414 627 1462 duo
657 1414 1019 1464 adulescentes
1049 1413 1156 1473 filii,
1190 1414 1287 1480 qui
1312 1420 1364 1464 et
1396 1414 1589 1465 sentire
1620 1420 1673 1464 et
1703 1415 1881 1465 defen-

315 1496 437 1545 dere
473 1497 624 1547 facile
659 1499 920 1561 possent?
962 1498 1094 1547 Erat
1130 1514 1286 1563 porro
1322 1514 1493 1557 nemo,
1533 1499 1587 1547 in
1625 1514 1784 1563 quern
1819 1515 1883 1549 ea

211 1580 276 1633 65
313 1580 540 1645 suspicio
580 1580 901 1630 conveniret.
942 1582 1157 1639 Tamen,
1200 1598 1322 1631 cum
1361 1582 1580 1647 planum
1619 1582 1882 1631 iudicibus

314 1667 451 1713 esset
495 1664 697 1714 factum
742 1669 927 1730 aperto
970 1665 1106 1714 ostio
1150 1666 1470 1715 dormientes
1514 1682 1601 1715 eos
1644 1670 1880 1730 repertos

314 1761 441 1805 esse,
470 1747 663 1797 iudicio
690 1748 920 1798 absoluti
947 1748 1310 1799 adulescentes
1337 1754 1389 1799 et
1417 1749 1711 1814 suspicione
1737 1748 1884 1799 omni

313 1829 522 1881 liberati
553 1836 692 1881 sunt.
766 1832 937 1881 Nemo
967 1831 1107 1881 enim
1137 1833 1367 1896 putabat
1398 1849 1722 1897 quemquam
1753 1849 1879 1891 esse,

311 1913 420 1978 qui,
461 1930 582 1963 cum
620 1914 798 1963 omnia
835 1914 1017 1964 divina
1054 1921 1218 1980 atque
1255 1917 1491 1966 humana
1539 1916 1655 1965 iura
1692 1917 1883 1966 scelere

312 1997 514 2047 nefario
549 1998 837 2063 polluisset,
877 2014 1122 2048 somnum
1159 1999 1343 2049 statim
1380 2015 1566 2065 capere
1601 1998 1879 2065 potuisset,

312 2085 592 2145 propterea
634 2082 794 2146 quod,
842 2082 933 2147 qui
977 2087 1192 2132 tantum
1236 2083 1440 2132 facinus
1483 2084 1876 2142 commiserunt,

311 2178 419 2212 non
445 2166 604 2214 modo
631 2166 741 2215 sine
767 2181 893 2214 cura
919 2166 1199 2230 quiescere,
1229 2167 1320 2216 sed
1346 2184 1412 2216 ne
1438 2167 1634 2232 spirare
1665 2167 1882 2231 quidem

312 2246 423 2296 sine
454 2253 602 2298 metu
645 2254 883 2313 possunt.

207 2333 272 2384 66
412 2331 614 2382 XXIV.
655 2332 941 2391 Videtisne,
974 2349 1109 2398 quos
1140 2333 1293 2384 nobis
1324 2338 1514 2399 poetae
1545 2332 1880 2383 tradiderunt

309 2414 479 2479 patris
495 2415 779 2465 ulciscendi
795 2431 956 2466 causa
973 2416 1290 2482 supplicium
1308 2418 1374 2467 de
1389 2422 1562 2468 matre
1578 2417 1879 2482 sumpsisse,

311 2513 432 2547 cum
449 2499 757 2562 praesertim
776 2500 994 2548 deorum
1012 2500 1393 2550 immortalium
1409 2500 1564 2550 iussis
1579 2504 1743 2565 atque
1758 2515 1874 2552 ora—

309 2580 441 2631 culis
466 2581 522 2630 id
548 2582 731 2633 fecisse
758 2583 1019 2642 dicantur,
1050 2588 1232 2634 tamen
1257 2588 1319 2633 ut
1346 2600 1435 2633 eos
1461 2584 1664 2649 agitent
1691 2584 1882 2634 Furiae

310 2681 483 2729 neque
529 2665 813 2716 consistere
859 2683 1117 2731 umquam
1162 2667 1454 2732 patiantur,
1482 2668 1651 2732 ‘quod
1694 2683 1760 2717 ne
1805 2666 1882 2733 pii

309 2748 527 2814 quidem
552 2749 662 2797 sine
685 2751 874 2799 scelere
899 2766 1009 2799 esse
1031 2754 1323 2816 potuerunt
1348 2751 1367 2799 ?
1410 2750 1493 2801 Sic
1517 2767 1571 2800 se
1594 2766 1675 2800 res
1696 2751 1877 2810 habet,

308 2830 541 2882 iudices:
596 2849 845 2897 magnam
875 2832 1001 2892 vim,
1035 2850 1286 2899 magnam
1315 2834 1700 2893 necessitatem,
1734 2850 1879 2899 mag-

309 2931 434 2965 nam
502 2916 742 2980 possidet·
803 2916 1103 2981 religionem
1170 2922 1426 2983 paternus
1490 2922 1870 2983 maternusque

310 2998 547 3063 sanguis;
586 3015 650 3048 ex
669 3016 775 3064 quo
792 2999 835 3048 si
853 3016 961 3065 qua
976 3001 1185 3051 macula
1202 3006 1460 3066 concepta
1477 3006 1572 3060 est,
1593 3017 1700 3050 non
1716 3001 1876 3051 modo
