2216 3288
591 355 734 405 CAP.
790 356 997 414 XXIX,
1053 356 1231 405 XXX.
1305 357 1562 420 §79-84
1645 396 1649 398 ,
1789 356 1849 403 31

365 474 570 532 Vereor,
615 490 682 523 ne
722 479 815 522 aut
857 475 1110 523 molestus
1151 474 1250 522 sim
1290 473 1456 531 vobis,
1501 471 1712 528 iudices,
1758 476 1852 521 aut
1886 476 1952 525 82

290 572 362 605 ne
399 556 618 620 ingeniis
655 556 845 606 vestris
883 556 1065 606 videar
1104 556 1351 614 diffidere,
1393 556 1437 604 si
1480 555 1547 621 de
1584 559 1697 603 tam
1740 571 1855 618 per-

292 638 488 703 spicuis
536 642 691 690 rebus
739 639 938 688 diutius
1009 639 1274 688 disseram.
1349 638 1508 687 Eruci
1555 637 1853 687 criminatio

278 725 428 780 ‘tota‚
458 727 518 771 ut
545 723 785 780 arbitror,
814 723 1068 772 dissoluta
1094 727 1173 771 est
1194 738 1204 781 ;
1231 721 1331 771 nisi
1356 721 1491 770 forte
1517 720 1851 784 exspectatis,

293 809 357 870 ut
395 804 485 854 illa
523 806 738 864 diluam,
782 822 918 871 quae
957 806 1022 854 de
1061 805 1309 870 peculatu
1349 821 1410 853 ac
1450 803 1515 853 de
1555 803 1665 852 eius
1704 803 1850 852 modi

293 889 450 937 rebus
483 888 860 938 commenticiis
892 888 1134 937 inaudita
1166 887 1316 936 nobis
1350 891 1475 936 ante
1505 888 1605 936 hoc
1639 891 1852 950 tempus

291 986 357 1019 ac
387 987 527 1020 nova
558 971 748 1021 obiecit
773 987 783 1030 ;
836 988 972 1035 quae
1002 971 1130 1020 mihi
1160 971 1260 1019 iste
1289 970 1434 1019 visus
1465 974 1544 1019 est
1576 985 1641 1018 ex
1673 969 1852 1034 aliqua

291 1053 531 1103 oratione
568 1054 875 1112 declamare,
916 1070 1078 1118 quam
1114 1053 1168 1101 in
1205 1053 1367 1102 alium
1402 1069 1550 1101 reum
1586 1068 1849 1102 commen-

294 1140 530 1195 taretur;
592 1138 671 1185 ita
709 1153 878 1201 neque
919 1137 988 1185 ad
1027 1136 1225 1185 crimen
1264 1134 1529 1199 parricidii
1570 1151 1740 1198 neque
1781 1136 1850 1184 ad

294 1235 432 1276 eum,
487 1219 578 1284 qui
629 1210 843 1268 causam
894 1218 1037 1277 dicit,
1092 1219 1429 1284 pertinebant
1456 1234 1465 1275 ;
1538 1218 1602 1267 de
1654 1219 1847 1282 quibus

289 1301 543 1365 quoniam
583 1304 746 1351 verbo
789 1302 975 1366 arguit,
1019 1304 1182 1351 verbo
1224 1302 1352 1350 satis
1394 1307 1472 1350 est
1514 1316 1717 1364 negare.
1793 1302 1847 1351 Si

291 1384 422 1448 quid
449 1390 543 1443 est,
574 1387 718 1449 quod
746 1386 814 1434 ad
841 1390 1003 1434 testes
1031 1390 1292 1442 reservets
1305 1384 1378 1433 ibi
1405 1400 1617 1448 quoque
1644 1400 1753 1442 nos,
1785 1390 1846 1434 ut

290 1466 346 1514 in
374 1467 488 1531 ipsa
518 1485 690 1526 causa,
723 1468 1012 1532 paratiores
1042 1467 1277 1532 reperiet,
1311 1483 1472 1531 quam
1502 1468 1746 1531 putabat.

359 1551 537 1600 XXX.
567 1551 731 1600 Venio
760 1567 899 1600 nunc
916 1542 991 1608 eo,
1024 1567 1129 1614 quo
1156 1568 1240 1599 me
1268 1567 1373 1598 non
1390 1549 1653 1614 cupiditas
1681 1551 1843 1609 ducit,
1880 1554 1947 1606 83

291 1633 386 1681 sed
417 1633 557 1682 fides.
631 1635 771 1683 Nam
802 1635 844 1682 si
874 1634 1004 1682 mihi
1034 1633 1218 1682 liberet
1252 1649 1509 1690 accusare,
1546 1649 1845 1683 accusarem

291 1715 420 1764 alios
438 1717 631 1780 potius,
656 1734 719 1766 ex
740 1715 932 1781 quibus
950 1733 1157 1781 possem
1178 1732 1402 1765 crescere
1427 1732 1436 1773 ;
1478 1716 1622 1779 quod
1642 1722 1845 1766 certum

288 1803 370 1846 est
399 1815 505 1847 non
535 1800 718 1858 facere,
750 1800 878 1848 dum
907 1799 1169 1848 utrumvis
1197 1799 1388 1848 licebit.
1464 1800 1516 1847 Is
1546 1798 1685 1847 enim
1714 1801 1844 1849 mihi

290 1880 504 1930 videtur
549 1883 918 1947 amplissimus
960 1882 1051 1946 qui
1095 1899 1190 1931 sua
1233 1883 1434 1931 virtute
1504 1882 1558 1930 in
1603 1883 1843 1933 altiorem

287 1964 463 2012 locum
517 1965 772 2029 pervenit,
814 1981 919 2013 non
960 1965 1051 2029 qui
1109 1965 1343 2014 ascendit
1383 1981 1475 2028 per
1515 1965 1728 2014 alterius
1767 1966 1844 2014 in-

290 2048 628 2096 commodum
667 2053 719 2096 et
759 2048 1131 2096 calamitatem.
1206 2047 1520 2096 Desinamus
1559 2048 1844 2112 aliquando

289 2145 352 2178 ea
377 2131 612 2189 scrutari,
642 2148 777 2195 quae
802 2136 925 2179 sunt
951 2130 1129 2180 inania
1152 2147 1161 2188 ;
1209 2140 1525 2194 quaeramus
1549 2131 1622 2180 ibi
1648 2131 1842 2182 malefi-

287 2211 444 2270 cium,
482 2213 572 2262 ubi
607 2218 659 2262 et
695 2219 773 2262 est
809 2219 860 2263 et
895 2213 1117 2263 inveniri
1150 2219 1362 2277 potest;
1417 2213 1523 2261 iam
1558 2214 1840 2279 intelleges,

290 2294 462 2352 Eruci,
485 2301 688 2345 certum
707 2297 902 2346 crimen
921 2313 1083 2361 quam
1101 2296 1282 2345 multis
1300 2296 1682 2360 suspicionibus
1701 2314 1840 2346 coar—

287 2382 495 2441 guatur,
529 2379 744 2428 tametsi
772 2396 942 2444 neque
972 2379 1150 2428 omnia
1180 2379 1353 2427 dicam
1382 2384 1434 2427 et
1465 2379 1651 2429 leviter
1680 2397 1845 2429 unum

291 2460 524 2525 quidque
542 2466 772 2525 tangam.
847 2464 1032 2526 Neque
1050 2461 1188 2511 enim
1206 2462 1259 2510 id
1277 2462 1516 2520 facerem,
1536 2463 1636 2511 nisi
1654 2479 1862 2513 necesse

287 2548 438 2602 esset,
478 2548 530 2593 et
566 2545 621 2594 id
657 2546 751 2593 erit
790 2545 922 2610 signi
956 2561 1040 2594 me
1075 2545 1303 2594 invitum
1340 2545 1523 2603 facere,
1563 2547 1706 2610 quod
1741 2562 1848 2594 non

286 2642 570 2691 persequar
610 2626 828 2691 longius,
872 2644 1035 2692 quam
1077 2628 1220 2676 salus
1262 2627 1416 2676 huius
1459 2634 1510 2676 et
1553 2645 1671 2678 mea
1714 2630 1842 2678 fides

287 2709 597 2772 postulabit.

355 2791 579 2841 Causam
606 2797 667 2840 tu
695 2793 895 2842 nullam
922 2792 1214 2857 reperiebas
1240 2792 1293 2840 in
1321 2793 1436 2842 Sex.
1511 2794 1702 2843 Roscio
1727 2811 1735 2851 ;
1785 2798 1842 2844 at
1879 2798 1946 2847 84

288 2889 385 2937 ego
412 2874 465 2922 in
494 2874 550 2924 T.
585 2875 775 2924 Roscio
804 2875 1016 2940 reperio.
1090 2875 1285 2924 Tecum
1314 2875 1453 2923 enim
1480 2876 1609 2926 mihi
1637 2893 1717 2926 res
1745 2883 1839 2934 est,

283 2955 344 3018 T.
364 2957 535 3015 Rosci,
561 2957 812 3022 quoniam
827 2958 943 3007 istic
967 2958 1114 3007 sedes
1137 2963 1266 3007 acte
1288 2958 1464 3022 palam
1488 2959 1846 3010 adversarium
