2216 3288
644 359 787 408 (TAP.
841 359 1148 410 Xr-Xm,
1224 362 1483 424 §30—36
1783 362 1845 408 13

285 478 620 542 respondisse:
643 479 801 541 ‘quod
817 494 921 527 non
939 483 1111 527 totum
1129 478 1292 527 telum
1309 494 1519 542 corpore
1537 477 1842 541 recepisset.'

286 559 402 623 Quo
425 561 647 625 populus
682 562 950 610 Romanus
986 561 1113 610 nihil
1145 560 1279 629 vidit
1303 560 1561 625 indignius
1594 560 1691 608 nisi
1717 561 1846 609 eius-

287 643 406 691 dem
447 643 546 692 viri
596 649 833 701 mortem,
879 660 1014 707 quae
1066 648 1276 692 tantum
1318 643 1507 707 potuit,
1553 648 1613 691 ut
1666 658 1847 692 omnes

287 725 484 775 occisus
514 727 794 790 perdiderit
815 732 867 776 et
898 726 1156 776 adflixerit
1179 743 1189 786 ;
1231 742 1361 790 quos
1381 725 1505 790 quia
1534 741 1738 774 servare
1757 741 1850 790 per

289 810 717 873 compositionem
759 810 985 866 volebat,
1030 809 1139 874 ipse
1172 809 1239 858 ab
1272 809 1333 857 iis
1375 808 1720 872 interemptus
1751 812 1844 858 est.

288 891 454 940 Estne
490 893 588 941 hoc
634 892 706 941 illi
743 892 885 941 dicto
933 897 1093 956 atque
1131 892 1272 941 facto
1318 891 1618 941 Fimbriano
1657 891 1848 939 similli-

287 974 477 1022 mum?
516 975 787 1024 Accusatis
818 975 931 1024 Sex.
967 974 1227 1024 Roscium.
1287 973 1424 1037 Quid
1453 974 1570 1023 ita?
1623 973 1756 1036 Quia
1785 974 1850 1022 de

288 1057 532 1107 manibus
562 1058 748 1106 vestris
772 1058 968 1122 effugit,
1003 1057 1127 1120 quia
1148 1073 1202 1106 se
1225 1056 1389 1106 occidi
1419 1072 1602 1120 passus
1625 1071 1729 1104 non
1753 1061 1844 1106 est.

290 1139 441 1197 Illud,
477 1140 601 1203 quia
631 1140 684 1188 in
726 1140 975 1189 Scaevola
1006 1140 1205 1189 factum
1247 1144 1339 1196 est,
1374 1139 1538 1203 magis
1578 1138 1849 1203 indignum

287 1221 510 1280 videtur,
533 1222 776 1287 hoc,quia
794 1223 854 1271 fit
875 1239 906 1272 a
934 1223 1414 1288 Chrysogono‚num
1434 1226 1511 1270 est
1541 1222 1844 1271 ferendum?

287 1305 426 1354 Nam
442 1322 534 1369 per
548 1306 671 1354 deos
687 1305 1005 1355 immortales
1030 1307 1037 1354 1
1086 1306 1211 1370 quid
1237 1310 1314 1354 est
1330 1305 1383 1353 in
1414 1305 1510 1354 hac
1527 1321 1684 1354 causa
1708 1305 1851 1368 quod

289 1387 599 1437 defensionis
617 1388 878 1453 indigeat?
903 1389 992 1453 qui
1017 1390 1158 1438 locus
1177 1389 1438 1452 ingenium
1457 1388 1664 1452 patroni
1683 1388 1850 1451 requi-

290 1471 358 1519 rit
388 1477 479 1520 aut
518 1473 736 1521 oratoris
774 1471 1125 1536 eloquentiam
1152 1488 1341 1535 magno
1371 1487 1523 1534 opere
1561 1470 1844 1520 desiderat?

290 1553 481 1602 Totam
512 1549 970 1612 causamjiudices,
1005 1554 1319 1619 explicemus
1341 1559 1500 1617 atque
1531 1559 1652 1602 ante
1675 1554 1850 1602 oculos

292 1637 584 1701 expositam
616 1638 1011 1697 consideremus;
1042 1638 1118 1686 ita
1139 1637 1392 1693 facillime,
1427 1653 1560 1700 quae
1580 1653 1658 1684 res
1678 1641 1851 1685 totum

1884 892 1955 942 34

290 1718 539 1769 iudicium
580 1720 859 1778 contineat,
913 1726 964 1770 et
1006 1721 1195 1784 quibus
1244 1721 1307 1769 de
1348 1721 1500 1768 rebus
1550 1736 1644 1767 nos
1684 1719 1851 1768 dicere
1936 1767 1939 1771 Δ

292 1807 546 1866 oporteat,
575 1808 626 1852 et
652 1803 779 1867 quid
802 1820 897 1852 vos
920 1803 1064 1868 sequi
1090 1803 1382 1860 conveniat,
1410 1802 1729 1865 intellegetis.

394 1885 548 1935 XIII.
587 1887 711 1935 Tres
742 1891 863 1935 sunt
887 1903 979 1945 res,
1014 1891 1275 1951 quantum
1298 1902 1390 1948 ego
1423 1885 1718 1934 existimare
1739 1901 1854 1950 pos-

293 1983 423 2026 sum,
456 1984 590 2032 quae
627 1969 838 2017 obstent
868 1970 965 2018 hoc
1002 1975 1236 2034 tempore
1265 1970 1379 2019 Sex,
1424 1967 1626 2025 Roscio,
1658 1967 1850 2016 crimen

292 2050 704 2100 adversariorum
730 2055 782 2100 et
815 2052 1035 2102 audacia
1066 2057 1118 2101 et
1143 2051 1393 2116 potentia.
1474 2049 1711 2100 Criminis
1734 2065 1852 2100 con·

294 2132 557 2183 fictionem
580 2139 851 2184 accusator
882 2134 1099 2184 Erucius
1131 2133 1370 2198 suscepit,
1408 2132 1655 2182 audaciae
1678 2138 1854 2197 partes

294 2216 468 2266 Roscii
497 2216 595 2266 sibi
634 2222 996 2281 poposcerunt,
1042 2218 1404 2282 Chrysogonus
1434 2220 1626 2274 autem,
1673 2216 1733 2278 sis
1763 2216 1854 2281 qui

294 2300 575 2366 plurimum
594 2301 804 2363 potest,]
826 2301 1063 2364 potentia
1080 2305 1294 2365 pugnat.
1350 2301 1431 2348 De
1448 2298 1586 2348 hisce
1612 2299 1854 2348 omnibus

294 2384 448 2433 rebus
470 2400 555 2432 me
587 2382 755 2431 dicere
778 2388 1016 2447 oportere
1047 2383 1302 2446 intellego.
1378 2380 1515 2445 Quid
1547 2381 1705 2444 igitur
1728 2387 1807 2431 est
1830 2382 1848 2431 Ρ

294 2466 412 2516 Non
448 2465 628 2515 eodem
671 2466 828 2515 modo
861 2466 927 2515 de
959 2466 1216 2524 omnibus
1252 2466 1369 2515 ideo
1402 2463 1547 2529 quod
1570 2465 1740 2529 prima
1764 2465 1854 2514 illa

296 2566 376 2599 res
412 2549 480 2599 ad
514 2565 690 2599 meum
726 2549 951 2599 officium
988 2549 1234 2614 pertinet,
1262 2547 1396 2597 duas
1421 2551 1598 2596 autem
1628 2547 1852 2610 reliquas

295 2633 444 2683 vobis
460 2631 683 2698 populus
701 2630 972 2680 Romanus
996 2632 1247 2696 imposuit
1271 2647 1281 2690 ;
1327 2647 1420 2694 ego
1437 2629 1630 2679 crimen
1647 2634 1855 2694 oportet

294 2715 506 2773 diluam,
544 2729 641 2765 vos
686 2719 738 2763 et
776 2714 1024 2764 audaciae
1069 2714 1304 2763 resistere
1340 2718 1394 2762 et
1437 2711 1708 2762 hominum
1745 2712 1855 2762 eius

292 2799 437 2848 modi
500 2796 840 2863 perniciosam
904 2801 1063 2861 atque
1116 2795 1498 2846 intolerandam
1560 2794 1854 2859 potentiam

293 2882 461 2948 primo
501 2895 709 2945 quoque
738 2883 970 2944 tempore
1009 2879 1337 2943 exstinguere
1365 2882 1526 2942 atque
1565 2877 1856 2942 opprimere

291 2965 505 3017 debetis

1888 1885 1959 1936 35

1889 2383 1959 2434 36
