2216 3288
236 480 304 531 37

238 1066 305 1116 38

243 1987 309 2038 39

342 362 403 411 14
487 320 492 324 ⁵
805 358 948 408 PRO
997 359 1152 410 sEX.
1206 358 1461 410 Rosc10

441 478 704 528 Occidisse
742 481 951 543 patrem
981 477 1099 527 Sex.
1144 477 1364 528 Roscius
1394 477 1644 542 arguitur.
1729 475 1918 526 Sceles-

339 568 471 621 tum‚
507 562 562 612 di
593 562 932 619 immortales,
977 577 1038 611 ac
1068 560 1336 612 nefarium
1379 559 1585 611 facinus
1615 565 1779 625 atque
1809 559 1920 610 eius

336 646 496 705 modi,
523 662 631 711 quo
664 662 770 695 uno
794 644 1051 694 maleficio
1085 645 1279 695 scelera
1301 644 1480 695 omnia
1513 644 1787 710 complexa
1811 658 1923 693 esse

338 731 653 780 videantur!
738 728 952 778 Etenim
984 728 1042 786 si,
1086 728 1142 777 id
1173 728 1319 793 quod
1348 729 1611 794 praeclare
1643 743 1676 778 a
1717 726 1919 792 sapien-

340 815 485 864 tibus
515 814 720 871 dicitur‚
754 813 909 862 vultu
949 827 1104 877 saepe
1131 812 1361 862 laeditur
1396 812 1582 878 pietaS‚
1615 811 1760 877 quod
1797 826 1918 876 sup·

340 897 554 964 plicium
601 896 731 946 satis
777 912 894 946 acre
940 896 1227 961 reperietur
1270 896 1325 945 in
1371 912 1506 955 eum,
1557 895 1649 960 qui
1692 898 1919 944 mortem

341 981 591 1031 obtulerit
607 980 815 1046 parenti
831 981 849 1030 ?
872 996 967 1045 pro
981 996 1088 1045 quo
1101 980 1235 1029 mori
1249 980 1436 1045 ipsum,
1457 980 1500 1029 si
1516 995 1597 1029 res
1611 980 1919 1045 postularet,

342 1066 456 1114 iura
485 1064 667 1114 divina
706 1068 870 1129 atque
899 1064 1134 1114 humana
1172 1064 1445 1128 cogebant.
1520 1064 1586 1114 In
1614 1064 1714 1120 hoc
1752 1066 1920 1120 tanto,

343 1150 466 1198 tam'
496 1148 676 1207 atroci,
731 1152 845 1197 tam
885 1148 1134 1212 singulari
1182 1147 1453 1206 maleficiO,
1497 1146 1642 1212 quod
1689 1147 1768 1196 ita
1806 1161 1923 1195 raro

343 1232 563 1291 exstitit,
584 1237 660 1290 ut,
693 1232 736 1281 si
754 1231 969 1296 quando
997 1231 1240 1280 auditum
1259 1231 1341 1290 sit,
1372 1231 1604 1296 portenti
1622 1246 1683 1280 ac
1700 1229 1924 1295 prodigii

344 1316 510 1365 simile
560 1320 879 1373 numeretur,
926 1315 1119 1380 quibus
1150 1315 1402 1373 tandem,
1450 1315 1502 1364 C.
1548 1314 1720 1373 Eruci,
1775 1329 1924 1378 argu-

341 1400 535 1449 mentis
582 1405 941 1449 accusatorem
980 1414 1158 1448 censes
1204 1398 1285 1448 uti
1323 1399 1604 1463 oportere?
1658 1413 1831 1447 nonne
1869 1400 1924 1446 et

345 1483 621 1533 audaciam
665 1483 788 1541 eiuS,
843 1483 934 1547 qui
976 1483 1030 1532 in
1083 1482 1279 1532 crimen
1320 1486 1553 1541 vocetur,
1610 1481 1921 1546 singularem

345 1567 618 1617 ostendere
657 1573 709 1616 et
757 1582 928 1615 mores
967 1566 1103 1615 feros
1148 1566 1539 1631 immanemque
1586 1570 1833 1615 naturam
1872 1569 1926 1614 et

344 1652 514 1701 vitam
554 1650 698 1700 vitiis
747 1650 1061 1715 flagitiisque
1112 1650 1357 1700 omnibus
1397 1650 1647 1708 deditam,
1701 1648 1927 1714 denique

346 1736 524 1784 omnia
589 1735 657 1783 ad
731 1734 1013 1799 perniciem
1087 1733 1367 1798 profligata
1444 1738 1605 1799 atque
1670 1732 1919 1798 perdita?

348 1818 583 1883 Quorum
637 1824 697 1867 tu
751 1818 880 1866 nihil
946 1818 999 1867 in
1054 1818 1168 1868 Sex,
1238 1817 1486 1867 Roscium
1548 1833 1614 1867 ne
1667 1814 1926 1866 obiciendi

346 1903 561 1968 quidem
588 1918 748 1950 causa
773 1902 1056 1950 contulisti.

449 1986 595 2035 XIV.
636 1988 850 2035 Patrem
898 1986 1089 2035 occidit
1129 1985 1244 2035 SeX.
1298 1985 1529 2034 Roscius,
1571 1984 1674 2049 Qui
1720 1984 1921 2033 homo?

349 2070 771 2119 adulescentulus
820 2075 1097 2134 corruptus
1138 2074 1190 2118 et
1242 2070 1309 2118 ab
1351 2068 1652 2117 hominibus
1698 2083 1930 2132 nequam

348 2154 638 2203 inductus?
691 2154 871 2209 Annos
907 2158 1067 2203 natus
1112 2153 1280 2202 maior
1315 2153 1681 2217 quadraginta.
1764 2151 1931 2200 Vetus

347 2238 592 2286 videlicet
611 2237 839 2294 sicarius,
872 2237 1029 2285 homo
1050 2237 1235 2286 audax=
1254 2241 1306 2284 et
1326 2253 1479 2300 saepe
1498 2236 1550 2284 in
1571 2236 1730 2285 caede
1755 2250 1929 2284 versa-

351 2326 450 2371 tus,
525 2321 596 2368 At
628 2321 725 2369 hoc
766 2322 834 2370 ab
866 2325 1169 2370 accusatore
1208 2336 1274 2368 ne
1304 2320 1405 2369 dici
1447 2319 1662 2385 quidem
1693 2318 1928 2368 audistis.

351 2404 606 2453 Luxuries
626 2404 785 2467 igitur
814 2404 1081 2452 hominem
1101 2404 1348 2452 nimirum
1380 2408 1433 2452 et
1454 2403 1586 2452 aeris
1615 2402 1770 2452 alieni
1787 2417 1933 2466 mag-

350 2488 539 2537 nitudo
570 2494 622 2535 et
662 2488 951 2536 indomitae
990 2488 1152 2536 animi
1182 2487 1502 2551 cupiditates
1532 2487 1600 2536 ad
1629 2487 1728 2536 hoc
1758 2485 1925 2534 scelus

350 2572 687 2636 impulerunt.
762 2571 843 2619 De
874 2572 1078 2620 luxurie
1109 2571 1357 2635 purgavit
1382 2570 1616 2628 Erucius,
1653 2585 1773 2619 cum
1797 2569 1932 2618 dixit

353 2656 493 2704 hunc
537 2671 602 2703 ne
655 2655 710 2703 in
755 2655 998 2704 convivio
1051 2655 1265 2720 quidem
1310 2654 1415 2703 ullo
1470 2654 1576 2702 fere
1618 2652 1928 2702 interfuisse.

353 2738 497 2787 Nihil
515 2743 694 2787 autem
720 2755 975 2803 umquam
992 2738 1190 2788 debuit.
1275 2738 1604 2802 Cupiditates
1628 2753 1783 2802 porro
1799 2752 1936 2801 quae

354 2827 575 2887 possunt
601 2838 710 2870 esse
734 2822 787 2870 in
821 2838 895 2880 eo,
925 2822 1030 2886 qui,
1058 2827 1119 2870 ut
1153 2823 1264 2886 ipse
1289 2826 1562 2870 accusator
1595 2820 1800 2878 obiecit,
1828 2819 1935 2868 ruri

355 2921 559 2969 semper
579 2905 835 2954 habitarit
866 2912 919 2954 et
941 2906 995 2954 in
1018 2921 1142 2969 agro
1171 2905 1389 2954 colendo
1410 2904 1627 2954 vixerit?
1663 2919 1800 2968 quae
1819 2903 1937 2952 vita

354 2989 587 3038 maxime
611 2988 875 3038 disiuncta
891 3005 923 3038 a
948 2989 1240 3054 cupiditate
1257 2994 1309 3038 et
1328 3005 1446 3037 cum
1465 2987 1635 3037 officio
1660 2986 1942 3037 coniuncta
