<?xml version="1.0" encoding="UTF-8"?>
<!DOCTYPE html PUBLIC "-//W3C//DTD XHTML 1.0 Transitional//EN"
    "http://www.w3.org/TR/xhtml1/DTD/xhtml1-transitional.dtd">
<html xmlns="http://www.w3.org/1999/xhtml" xml:lang="en" lang="en">
 <head>
  <title>
</title>
<meta http-equiv="Content-Type" content="text/html;charset=utf-8" />
  <meta name='ocr-system' content='tesseract 3.04.00' />
  <meta name='ocr-capabilities' content='ocr_page ocr_carea ocr_par ocr_line ocrx_word'/>
</head>
<body>
  <div class='ocr_page' id='page_1' title='image "./proroscioamerino00ciceuoft/proroscioamerino00ciceuoft_0077.png"; bbox 0 0 2216 3288; ppageno 0'>
   <div class='ocr_carea' id='block_1_1' title="bbox 707 356 1894 427">
    <p class='ocr_par' dir='ltr' id='par_1_1' title="bbox 707 356 1894 427">
     <span class='ocr_line' id='line_1_1' title="bbox 707 356 1894 427; baseline 0 -21"><span class='ocrx_word' id='word_1_1' title='bbox 707 356 851 407; x_wconf 90' lang='lat' dir='ltr'>CAP.</span> <span class='ocrx_word' id='word_1_2' title='bbox 905 358 1128 405; x_wconf 70' lang='lat' dir='ltr'>L--LIL</span> <span class='ocrx_word' id='word_1_3' title='bbox 1205 361 1228 420; x_wconf 66' lang='grc' dir='ltr'><strong>ξ</strong></span> <span class='ocrx_word' id='word_1_4' title='bbox 1270 359 1530 427; x_wconf 69' lang='lat'>147—152</span> <span class='ocrx_word' id='word_1_5' title='bbox 1826 357 1894 414; x_wconf 86' lang='lat'>57</span> 
     </span>
    </p>
   </div>
   <div class='ocr_carea' id='block_1_2' title="bbox 327 474 1894 955">
    <p class='ocr_par' dir='ltr' id='par_1_2' title="bbox 327 474 1894 955">
     <span class='ocr_line' id='line_1_2' title="bbox 334 474 1894 543; baseline -0.003 -17"><span class='ocrx_word' id='word_1_6' title='bbox 334 482 622 543; x_wconf 83' lang='lat' dir='ltr'>petramuS‚</span> <span class='ocrx_word' id='word_1_7' title='bbox 653 479 715 525; x_wconf 88' lang='lat' dir='ltr'>ut</span> <span class='ocrx_word' id='word_1_8' title='bbox 742 474 965 540; x_wconf 89' lang='lat' dir='ltr'>pecunia</span> <span class='ocrx_word' id='word_1_9' title='bbox 993 481 1176 525; x_wconf 90' lang='lat' dir='ltr'>nostra</span> <span class='ocrx_word' id='word_1_10' title='bbox 1205 480 1486 524; x_wconf 89' lang='lat' dir='ltr'>contentus</span> <span class='ocrx_word' id='word_1_11' title='bbox 1513 475 1597 533; x_wconf 88' lang='lat' dir='ltr'>sit,</span> <span class='ocrx_word' id='word_1_12' title='bbox 1628 474 1798 524; x_wconf 85' lang='lat' dir='ltr'>vitam</span> <span class='ocrx_word' id='word_1_13' title='bbox 1826 490 1894 523; x_wconf 87' lang='lat' dir='ltr'>ne</span> 
     </span>
     <span class='ocr_line' id='line_1_3' title="bbox 333 556 1892 626; baseline -0.002 -17"><span class='ocrx_word' id='word_1_14' title='bbox 333 564 501 626; x_wconf 87' lang='lat' dir='ltr'>petat,</span> <span class='ocrx_word' id='word_1_15' title='bbox 543 560 586 608; x_wconf 91' lang='lat' dir='ltr'>si</span> <span class='ocrx_word' id='word_1_16' title='bbox 628 558 714 608; x_wconf 93' lang='lat' dir='ltr'>ille</span> <span class='ocrx_word' id='word_1_17' title='bbox 752 559 943 607; x_wconf 82' lang='lat' dir='ltr'>adduci</span> <span class='ocrx_word' id='word_1_18' title='bbox 982 575 1088 606; x_wconf 91' lang='lat' dir='ltr'>non</span> <span class='ocrx_word' id='word_1_19' title='bbox 1125 563 1317 623; x_wconf 89' lang='lat' dir='ltr'>potest,</span> <span class='ocrx_word' id='word_1_20' title='bbox 1360 563 1436 616; x_wconf 91' lang='lat' dir='ltr'>ut,</span> <span class='ocrx_word' id='word_1_21' title='bbox 1478 573 1599 607; x_wconf 90' lang='lat' dir='ltr'>cum</span> <span class='ocrx_word' id='word_1_22' title='bbox 1637 556 1892 606; x_wconf 82' lang='lat' dir='ltr'>ademerit</span> 
     </span>
     <span class='ocr_line' id='line_1_4' title="bbox 330 641 1892 706; baseline -0.003 -13"><span class='ocrx_word' id='word_1_23' title='bbox 330 641 487 692; x_wconf 87' lang='lat' dir='ltr'>:nobis</span> <span class='ocrx_word' id='word_1_24' title='bbox 525 641 702 691; x_wconf 91' lang='lat' dir='ltr'>omnia</span> <span class='ocrx_word' id='word_1_25' title='bbox 759 657 894 705; x_wconf 92' lang='lat' dir='ltr'>quae</span> <span class='ocrx_word' id='word_1_26' title='bbox 932 646 1114 691; x_wconf 84' lang='lat' dir='ltr'>nostra</span> <span class='ocrx_word' id='word_1_27' title='bbox 1153 646 1302 690; x_wconf 90' lang='lat' dir='ltr'>erant</span> <span class='ocrx_word' id='word_1_28' title='bbox 1345 641 1572 706; x_wconf 84' lang='lat' dir='ltr'>propn&#39;a,</span> <span class='ocrx_word' id='word_1_29' title='bbox 1617 656 1684 690; x_wconf 93' lang='lat' dir='ltr'>ne</span> <span class='ocrx_word' id='word_1_30' title='bbox 1719 641 1892 689; x_wconf 90' lang='lat' dir='ltr'>lucem</span> 
     </span>
     <span class='ocr_line' id='line_1_5' title="bbox 327 721 1894 790; baseline -0.003 -15"><span class='ocrx_word' id='word_1_31' title='bbox 327 741 546 790; x_wconf 88' lang='lat' dir='ltr'>quoque</span> <span class='ocrx_word' id='word_1_32' title='bbox 581 725 731 782; x_wconf 88' lang='lat' dir='ltr'>hane,</span> <span class='ocrx_word' id='word_1_33' title='bbox 772 740 907 789; x_wconf 90' lang='lat' dir='ltr'>quae</span> <span class='ocrx_word' id='word_1_34' title='bbox 943 724 1236 773; x_wconf 89' lang='lat' dir='ltr'>communis</span> <span class='ocrx_word' id='word_1_35' title='bbox 1272 729 1366 782; x_wconf 86' lang='lat' dir='ltr'>est,</span> <span class='ocrx_word' id='word_1_36' title='bbox 1400 723 1596 789; x_wconf 90' lang='lat' dir='ltr'>eripere</span> <span class='ocrx_word' id='word_1_37' title='bbox 1625 722 1820 788; x_wconf 89' lang='lat' dir='ltr'>cupiat,</span> <span class='ocrx_word' id='word_1_38' title='bbox 1848 721 1894 771; x_wconf 89' lang='lat' dir='ltr'>si</span> 
     </span>
     <span class='ocr_line' id='line_1_6' title="bbox 333 804 1889 871; baseline -0.003 -14"><span class='ocrx_word' id='word_1_39' title='bbox 333 824 439 857; x_wconf 92' lang='lat' dir='ltr'>non</span> <span class='ocrx_word' id='word_1_40' title='bbox 465 808 594 857; x_wconf 90' lang='lat' dir='ltr'>satis</span> <span class='ocrx_word' id='word_1_41' title='bbox 619 807 781 857; x_wconf 90' lang='lat' dir='ltr'>habet</span> <span class='ocrx_word' id='word_1_42' title='bbox 807 806 1088 856; x_wconf 88' lang='lat' dir='ltr'>avaritiam</span> <span class='ocrx_word' id='word_1_43' title='bbox 1113 823 1264 856; x_wconf 89' lang='lat' dir='ltr'>suam</span> <span class='ocrx_word' id='word_1_44' title='bbox 1290 804 1513 871; x_wconf 90' lang='lat' dir='ltr'>pecunia</span> <span class='ocrx_word' id='word_1_45' title='bbox 1538 806 1759 871; x_wconf 89' lang='lat' dir='ltr'>explere,</span> <span class='ocrx_word' id='word_1_46' title='bbox 1788 804 1889 854; x_wconf 89' lang='lat' dir='ltr'>nisi</span> 
     </span>
     <span class='ocr_line' id='line_1_7' title="bbox 327 889 1889 955; baseline -0.002 -15"><span class='ocrx_word' id='word_1_47' title='bbox 327 891 495 941; x_wconf 83' lang='lat' dir='ltr'>etiam</span> <span class='ocrx_word' id='word_1_48' title='bbox 540 890 840 940; x_wconf 79' lang='lat' dir='ltr'>crudelitati</span> <span class='ocrx_word' id='word_1_49' title='bbox 877 890 1087 954; x_wconf 87' lang='lat' dir='ltr'>sanguis</span> <span class='ocrx_word' id='word_1_50' title='bbox 1116 889 1388 955; x_wconf 90' lang='lat' dir='ltr'>praebitus</span> <span class='ocrx_word' id='word_1_51' title='bbox 1433 889 1515 946; x_wconf 91' lang='lat' dir='ltr'>sit,</span> <span class='ocrx_word' id='word_1_52' title='bbox 1564 905 1730 938; x_wconf 91' lang='lat' dir='ltr'>unum</span> <span class='ocrx_word' id='word_1_53' title='bbox 1775 904 1889 953; x_wconf 89' lang='lat' dir='ltr'>per-</span> 
     </span>
    </p>
   </div>
   <div class='ocr_carea' id='block_1_3' title="bbox 190 966 1883 1038">
    <p class='ocr_par' dir='ltr' id='par_1_3' title="bbox 190 966 1883 1038">
     <span class='ocr_line' id='line_1_8' title="bbox 190 966 1883 1038; baseline -0.002 -15"><span class='ocrx_word' id='word_1_54' title='bbox 190 966 192 970; x_wconf 30' lang='lat'>*</span> <span class='ocrx_word' id='word_1_55' title='bbox 258 1018 261 1019; x_wconf 11' lang='grc' dir='ltr'><em>γ</em></span> <span class='ocrx_word' id='word_1_56' title='bbox 332 973 550 1038; x_wconf 83' lang='lat' dir='ltr'>fugium,</span> <span class='ocrx_word' id='word_1_57' title='bbox 593 973 804 1030; x_wconf 91' lang='lat' dir='ltr'>iudices,</span> <span class='ocrx_word' id='word_1_58' title='bbox 848 989 955 1022; x_wconf 91' lang='lat' dir='ltr'>una</span> <span class='ocrx_word' id='word_1_59' title='bbox 995 989 1112 1038; x_wconf 92' lang='lat' dir='ltr'>spes</span> <span class='ocrx_word' id='word_1_60' title='bbox 1153 972 1353 1037; x_wconf 89' lang='lat' dir='ltr'>reliqua</span> <span class='ocrx_word' id='word_1_61' title='bbox 1394 977 1473 1021; x_wconf 91' lang='lat' dir='ltr'>est</span> <span class='ocrx_word' id='word_1_62' title='bbox 1514 973 1631 1021; x_wconf 91' lang='lat' dir='ltr'>Sex.</span> <span class='ocrx_word' id='word_1_63' title='bbox 1677 971 1883 1029; x_wconf 87' lang='lat' dir='ltr'>Roscio,</span> 
     </span>
    </p>
   </div>
   <div class='ocr_carea' id='block_1_4' title="bbox 0 0 182 3288">
    <p class='ocr_par' dir='ltr' id='par_1_4' title="bbox 0 0 182 3288">
     <span class='ocr_line' id='line_1_9' title="bbox 0 0 182 3288; baseline 0 0"><span class='ocrx_word' id='word_1_64' title='bbox 0 0 182 3288; x_wconf 95' lang='lat' dir='ltr'> </span> 
     </span>
    </p>
   </div>
   <div class='ocr_carea' id='block_1_5' title="bbox 280 1053 2019 3028">
    <p class='ocr_par' dir='ltr' id='par_1_5' title="bbox 280 1053 2019 3028">
     <span class='ocr_line' id='line_1_10' title="bbox 326 1053 1888 1121; baseline -0.001 -15"><span class='ocrx_word' id='word_1_65' title='bbox 326 1053 516 1106; x_wconf 81' lang='lat' dir='ltr'>eadem</span> <span class='ocrx_word' id='word_1_66' title='bbox 551 1073 687 1121; x_wconf 89' lang='lat' dir='ltr'>quae</span> <span class='ocrx_word' id='word_1_67' title='bbox 721 1056 794 1105; x_wconf 92' lang='lat' dir='ltr'>rei</span> <span class='ocrx_word' id='word_1_68' title='bbox 827 1055 1082 1121; x_wconf 87' lang='lat' dir='ltr'>publicae,</span> <span class='ocrx_word' id='word_1_69' title='bbox 1120 1060 1300 1105; x_wconf 87' lang='lat' dir='ltr'>vestra</span> <span class='ocrx_word' id='word_1_70' title='bbox 1333 1054 1556 1120; x_wconf 91' lang='lat' dir='ltr'>pristina</span> <span class='ocrx_word' id='word_1_71' title='bbox 1589 1053 1800 1104; x_wconf 78' lang='lat' dir='ltr'>bonitas</span> <span class='ocrx_word' id='word_1_72' title='bbox 1835 1058 1888 1104; x_wconf 90' lang='lat' dir='ltr'>et</span> 
     </span>
     <span class='ocr_line' id='line_1_11' title="bbox 330 1137 1889 1204; baseline -0.002 -15"><span class='ocrx_word' id='word_1_73' title='bbox 330 1138 698 1189; x_wconf 84' lang='lat' dir='ltr'>misericordia.</span> <span class='ocrx_word' id='word_1_74' title='bbox 740 1140 886 1204; x_wconf 73' lang='lat' dir='ltr'>Quae</span> <span class='ocrx_word' id='word_1_75' title='bbox 921 1139 964 1187; x_wconf 93' lang='lat' dir='ltr'>si</span> <span class='ocrx_word' id='word_1_76' title='bbox 999 1143 1196 1195; x_wconf 85' lang='lat' dir='ltr'>manet,</span> <span class='ocrx_word' id='word_1_77' title='bbox 1236 1138 1367 1188; x_wconf 89' lang='lat' dir='ltr'>salvi</span> <span class='ocrx_word' id='word_1_78' title='bbox 1405 1137 1566 1187; x_wconf 89' lang='lat' dir='ltr'>etiam</span> <span class='ocrx_word' id='word_1_79' title='bbox 1603 1154 1742 1187; x_wconf 86' lang='lat' dir='ltr'>nunc</span> <span class='ocrx_word' id='word_1_80' title='bbox 1778 1153 1889 1186; x_wconf 91' lang='lat' dir='ltr'>esse</span> 
     </span>
     <span class='ocr_line' id='line_1_12' title="bbox 331 1220 1890 1288; baseline -0.001 -17"><span class='ocrx_word' id='word_1_81' title='bbox 331 1239 611 1288; x_wconf 91' lang='lat' dir='ltr'>possumus</span> <span class='ocrx_word' id='word_1_82' title='bbox 635 1238 645 1280; x_wconf 85' lang='lat'>;</span> <span class='ocrx_word' id='word_1_83' title='bbox 693 1222 771 1271; x_wconf 92' lang='lat' dir='ltr'>sin</span> <span class='ocrx_word' id='word_1_84' title='bbox 798 1239 859 1271; x_wconf 93' lang='lat' dir='ltr'>ea</span> <span class='ocrx_word' id='word_1_85' title='bbox 884 1222 1180 1279; x_wconf 86' lang='lat' dir='ltr'>crudelitas,</span> <span class='ocrx_word' id='word_1_86' title='bbox 1209 1238 1345 1286; x_wconf 90' lang='lat' dir='ltr'>quae</span> <span class='ocrx_word' id='word_1_87' title='bbox 1370 1222 1468 1270; x_wconf 88' lang='lat' dir='ltr'>hoc</span> <span class='ocrx_word' id='word_1_88' title='bbox 1494 1226 1730 1286; x_wconf 86' lang='lat' dir='ltr'>tempore</span> <span class='ocrx_word' id='word_1_89' title='bbox 1754 1220 1809 1268; x_wconf 91' lang='lat' dir='ltr'>in</span> <span class='ocrx_word' id='word_1_90' title='bbox 1835 1236 1890 1269; x_wconf 90' lang='lat' dir='ltr'>re</span> 
     </span>
     <span class='ocr_line' id='line_1_13' title="bbox 330 1303 1890 1371; baseline -0.002 -16"><span class='ocrx_word' id='word_1_91' title='bbox 330 1305 543 1371; x_wconf 88' lang='lat' dir='ltr'>publica</span> <span class='ocrx_word' id='word_1_92' title='bbox 570 1307 781 1355; x_wconf 78' lang='lat' dir='ltr'>verSata</span> <span class='ocrx_word' id='word_1_93' title='bbox 810 1310 903 1362; x_wconf 90' lang='lat' dir='ltr'>est,</span> <span class='ocrx_word' id='word_1_94' title='bbox 936 1310 1140 1354; x_wconf 88' lang='lat' dir='ltr'>vestros</span> <span class='ocrx_word' id='word_1_95' title='bbox 1168 1321 1379 1368; x_wconf 92' lang='lat' dir='ltr'>quoque</span> <span class='ocrx_word' id='word_1_96' title='bbox 1408 1303 1611 1353; x_wconf 91' lang='lat' dir='ltr'>animos</span> <span class='ocrx_word' id='word_1_97' title='bbox 1643 1303 1717 1368; x_wconf 90' lang='lat' dir='ltr'>(id</span> <span class='ocrx_word' id='word_1_98' title='bbox 1745 1303 1890 1367; x_wconf 92' lang='lat' dir='ltr'>quod</span> 
     </span>
     <span class='ocr_line' id='line_1_14' title="bbox 330 1376 1886 1453; baseline -0.002 -16"><span class='ocrx_word' id='word_1_99' title='bbox 330 1389 441 1438; x_wconf 92' lang='lat' dir='ltr'>fieri</span> <span class='ocrx_word' id='word_1_100' title='bbox 473 1389 709 1453; x_wconf 81' lang='lat' dir='ltr'>profecto</span> <span class='ocrx_word' id='word_1_101' title='bbox 742 1404 847 1437; x_wconf 91' lang='lat' dir='ltr'>non</span> <span class='ocrx_word' id='word_1_102' title='bbox 870 1389 1063 1452; x_wconf 90' lang='lat' dir='ltr'>potest)</span> <span class='ocrx_word' id='word_1_103' title='bbox 1101 1387 1333 1436; x_wconf 89' lang='lat' dir='ltr'>duriores</span> <span class='ocrx_word' id='word_1_104' title='bbox 1357 1386 1750 1450; x_wconf 81' lang='lat' dir='ltr'>acerbioresque</span> <span class='ocrx_word' id='word_1_105' title='bbox 1773 1376 1886 1435; x_wconf 87' lang='lat' dir='ltr'>red-</span> 
     </span>
     <span class='ocr_line' id='line_1_15' title="bbox 329 1469 1887 1530; baseline -0.001 -10"><span class='ocrx_word' id='word_1_106' title='bbox 329 1471 482 1530; x_wconf 84' lang='lat' dir='ltr'>didit,</span> <span class='ocrx_word' id='word_1_107' title='bbox 503 1477 682 1520; x_wconf 85' lang='lat' dir='ltr'>actum</span> <span class='ocrx_word' id='word_1_108' title='bbox 701 1476 795 1528; x_wconf 91' lang='lat' dir='ltr'>est,</span> <span class='ocrx_word' id='word_1_109' title='bbox 816 1470 1012 1520; x_wconf 90' lang='lat' dir='ltr'>iudices</span> <span class='ocrx_word' id='word_1_110' title='bbox 1035 1487 1045 1528; x_wconf 88' lang='lat'>;</span> <span class='ocrx_word' id='word_1_111' title='bbox 1066 1470 1355 1519; x_wconf 76' lang='lat' dir='ltr'>interseras</span> <span class='ocrx_word' id='word_1_112' title='bbox 1373 1469 1539 1519; x_wconf 90' lang='lat' dir='ltr'>satius</span> <span class='ocrx_word' id='word_1_113' title='bbox 1557 1475 1635 1519; x_wconf 92' lang='lat' dir='ltr'>est</span> <span class='ocrx_word' id='word_1_114' title='bbox 1653 1474 1887 1519; x_wconf 89' lang='lat' dir='ltr'>aetatem</span> 
     </span>
     <span class='ocr_line' id='line_1_16' title="bbox 323 1552 2011 1618; baseline 0 -14"><span class='ocrx_word' id='word_1_115' title='bbox 323 1554 515 1618; x_wconf 85' lang='lat' dir='ltr'>degere</span> <span class='ocrx_word' id='word_1_116' title='bbox 548 1571 709 1618; x_wconf 91' lang='lat' dir='ltr'>quam</span> <span class='ocrx_word' id='word_1_117' title='bbox 742 1553 797 1602; x_wconf 92' lang='lat' dir='ltr'>in</span> <span class='ocrx_word' id='word_1_118' title='bbox 830 1555 928 1602; x_wconf 90' lang='lat' dir='ltr'>hac</span> <span class='ocrx_word' id='word_1_119' title='bbox 962 1558 1118 1602; x_wconf 88' lang='lat' dir='ltr'>tanta</span> <span class='ocrx_word' id='word_1_120' title='bbox 1149 1553 1483 1602; x_wconf 81' lang='lat' dir='ltr'>immanitate</span> <span class='ocrx_word' id='word_1_121' title='bbox 1516 1552 1727 1602; x_wconf 89' lang='lat' dir='ltr'>versari.</span> <span class='ocrx_word' id='word_1_122' title='bbox 1800 1552 1887 1601; x_wconf 77' lang='lat' dir='ltr'>Ad</span> <span class='ocrx_word' id='word_1_123' title='bbox 1921 1553 2011 1604; x_wconf 85' lang='grc'>151</span> 
     </span>
     <span class='ocr_line' id='line_1_17' title="bbox 332 1635 1884 1694; baseline -0.003 -7"><span class='ocrx_word' id='word_1_124' title='bbox 332 1654 517 1687; x_wconf 86' lang='lat' dir='ltr'>eamne</span> <span class='ocrx_word' id='word_1_125' title='bbox 542 1654 651 1686; x_wconf 91' lang='lat' dir='ltr'>rem</span> <span class='ocrx_word' id='word_1_126' title='bbox 676 1653 771 1686; x_wconf 85' lang='lat' dir='ltr'>vos</span> <span class='ocrx_word' id='word_1_127' title='bbox 797 1636 1047 1686; x_wconf 86' lang='lat' dir='ltr'>reservati</span> <span class='ocrx_word' id='word_1_128' title='bbox 1074 1636 1212 1694; x_wconf 92' lang='lat' dir='ltr'>estis,</span> <span class='ocrx_word' id='word_1_129' title='bbox 1243 1637 1311 1685; x_wconf 86' lang='lat' dir='ltr'>ad</span> <span class='ocrx_word' id='word_1_130' title='bbox 1337 1652 1520 1685; x_wconf 87' lang='lat' dir='ltr'>eamne</span> <span class='ocrx_word' id='word_1_131' title='bbox 1545 1652 1654 1685; x_wconf 88' lang='lat' dir='ltr'>rem</span> <span class='ocrx_word' id='word_1_132' title='bbox 1681 1635 1884 1694; x_wconf 88' lang='lat' dir='ltr'>delecti,</span> 
     </span>
     <span class='ocr_line' id='line_1_18' title="bbox 329 1718 1887 1784; baseline -0.001 -15"><span class='ocrx_word' id='word_1_133' title='bbox 329 1725 391 1770; x_wconf 90' lang='lat' dir='ltr'>ut</span> <span class='ocrx_word' id='word_1_134' title='bbox 413 1737 500 1769; x_wconf 92' lang='lat' dir='ltr'>eos</span> <span class='ocrx_word' id='word_1_135' title='bbox 521 1720 954 1777; x_wconf 79' lang='lat' dir='ltr'>condemnaretis,</span> <span class='ocrx_word' id='word_1_136' title='bbox 979 1735 1112 1784; x_wconf 89' lang='lat' dir='ltr'>quos</span> <span class='ocrx_word' id='word_1_137' title='bbox 1133 1724 1358 1768; x_wconf 83' lang='lat' dir='ltr'>sectores</span> <span class='ocrx_word' id='word_1_138' title='bbox 1381 1736 1440 1767; x_wconf 90' lang='lat' dir='ltr'>ac</span> <span class='ocrx_word' id='word_1_139' title='bbox 1462 1718 1632 1768; x_wconf 90' lang='lat' dir='ltr'>sicarii</span> <span class='ocrx_word' id='word_1_140' title='bbox 1652 1718 1887 1782; x_wconf 85' lang='lat' dir='ltr'>iugulare</span> 
     </span>
     <span class='ocr_line' id='line_1_19' title="bbox 325 1801 1884 1869; baseline 0 -17"><span class='ocrx_word' id='word_1_141' title='bbox 325 1819 436 1853; x_wconf 86' lang='lat' dir='ltr'>non</span> <span class='ocrx_word' id='word_1_142' title='bbox 462 1803 757 1869; x_wconf 91' lang='lat' dir='ltr'>potuissent</span> <span class='ocrx_word' id='word_1_143' title='bbox 782 1803 800 1851; x_wconf 74' lang='grc' dir='ltr'><strong><em>Ρ</em></strong></span> <span class='ocrx_word' id='word_1_144' title='bbox 842 1802 1020 1852; x_wconf 84' lang='lat' dir='ltr'>Solent</span> <span class='ocrx_word' id='word_1_145' title='bbox 1048 1803 1146 1851; x_wconf 90' lang='lat' dir='ltr'>hoc</span> <span class='ocrx_word' id='word_1_146' title='bbox 1172 1801 1298 1851; x_wconf 91' lang='lat' dir='ltr'>boni</span> <span class='ocrx_word' id='word_1_147' title='bbox 1324 1802 1666 1867; x_wconf 88' lang='lat' dir='ltr'>imperatores</span> <span class='ocrx_word' id='word_1_148' title='bbox 1699 1801 1884 1860; x_wconf 85' lang='lat' dir='ltr'>facere,</span> 
     </span>
     <span class='ocr_line' id='line_1_20' title="bbox 323 1885 1886 1951; baseline -0.001 -16"><span class='ocrx_word' id='word_1_149' title='bbox 323 1903 451 1935; x_wconf 76' lang='lat' dir='ltr'>cum</span> <span class='ocrx_word' id='word_1_150' title='bbox 482 1886 737 1951; x_wconf 90' lang='lat' dir='ltr'>proelium</span> <span class='ocrx_word' id='word_1_151' title='bbox 769 1885 1127 1943; x_wconf 89' lang='lat' dir='ltr'>committunt,</span> <span class='ocrx_word' id='word_1_152' title='bbox 1163 1891 1224 1934; x_wconf 90' lang='lat' dir='ltr'>ut</span> <span class='ocrx_word' id='word_1_153' title='bbox 1255 1885 1310 1933; x_wconf 90' lang='lat' dir='ltr'>in</span> <span class='ocrx_word' id='word_1_154' title='bbox 1331 1901 1391 1934; x_wconf 93' lang='lat' dir='ltr'>eo</span> <span class='ocrx_word' id='word_1_155' title='bbox 1412 1886 1540 1942; x_wconf 76' lang='lat' dir='ltr'>looe,</span> <span class='ocrx_word' id='word_1_156' title='bbox 1567 1901 1671 1949; x_wconf 90' lang='lat' dir='ltr'>quo</span> <span class='ocrx_word' id='word_1_157' title='bbox 1705 1885 1886 1948; x_wconf 77' lang='lat' dir='ltr'>fugam</span> 
     </span>
     <span class='ocr_line' id='line_1_21' title="bbox 280 1967 1882 2032; baseline -0.002 -13"><span class='ocrx_word' id='word_1_158' title='bbox 280 1985 281 1988; x_wconf 73' lang='grc'>’</span> <span class='ocrx_word' id='word_1_159' title='bbox 329 1968 563 2019; x_wconf 88' lang='lat' dir='ltr'>hostium</span> <span class='ocrx_word' id='word_1_160' title='bbox 598 1970 706 2018; x_wconf 81' lang='lat' dir='ltr'>fore</span> <span class='ocrx_word' id='word_1_161' title='bbox 740 1967 1078 2027; x_wconf 88' lang='lat' dir='ltr'>arbitrentur,</span> <span class='ocrx_word' id='word_1_162' title='bbox 1115 1968 1307 2017; x_wconf 89' lang='lat' dir='ltr'>milites</span> <span class='ocrx_word' id='word_1_163' title='bbox 1341 1968 1611 2026; x_wconf 88' lang='lat' dir='ltr'>collocent,</span> <span class='ocrx_word' id='word_1_164' title='bbox 1647 1968 1702 2016; x_wconf 93' lang='lat' dir='ltr'>in</span> <span class='ocrx_word' id='word_1_165' title='bbox 1735 1983 1882 2032; x_wconf 91' lang='lat' dir='ltr'>quos,</span> 
     </span>
     <span class='ocr_line' id='line_1_22' title="bbox 331 2050 1885 2117; baseline -0.002 -15"><span class='ocrx_word' id='word_1_166' title='bbox 331 2053 376 2102; x_wconf 86' lang='lat' dir='ltr'>si</span> <span class='ocrx_word' id='word_1_167' title='bbox 403 2051 494 2117; x_wconf 88' lang='lat' dir='ltr'>qui</span> <span class='ocrx_word' id='word_1_168' title='bbox 522 2069 585 2101; x_wconf 92' lang='lat' dir='ltr'>ex</span> <span class='ocrx_word' id='word_1_169' title='bbox 614 2052 723 2100; x_wconf 88' lang='lat' dir='ltr'>acie</span> <span class='ocrx_word' id='word_1_170' title='bbox 751 2052 994 2115; x_wconf 85' lang='lat' dir='ltr'>fugerint,</span> <span class='ocrx_word' id='word_1_171' title='bbox 1025 2052 1090 2100; x_wconf 94' lang='lat' dir='ltr'>de</span> <span class='ocrx_word' id='word_1_172' title='bbox 1116 2051 1401 2116; x_wconf 88' lang='lat' dir='ltr'>improviso</span> <span class='ocrx_word' id='word_1_173' title='bbox 1429 2051 1680 2099; x_wconf 91' lang='lat' dir='ltr'>incidant.</span> <span class='ocrx_word' id='word_1_174' title='bbox 1719 2050 1885 2099; x_wconf 89' lang='lat' dir='ltr'>Nimi-</span> 
     </span>
     <span class='ocr_line' id='line_1_23' title="bbox 325 2134 1886 2199; baseline -0.001 -15"><span class='ocrx_word' id='word_1_175' title='bbox 325 2151 448 2184; x_wconf 88' lang='lat' dir='ltr'>rum</span> <span class='ocrx_word' id='word_1_176' title='bbox 477 2135 714 2184; x_wconf 89' lang='lat' dir='ltr'>similiter</span> <span class='ocrx_word' id='word_1_177' title='bbox 742 2134 1068 2184; x_wconf 85' lang='lat' dir='ltr'>arbitrantur</span> <span class='ocrx_word' id='word_1_178' title='bbox 1095 2134 1182 2183; x_wconf 90' lang='lat' dir='ltr'>isti</span> <span class='ocrx_word' id='word_1_179' title='bbox 1211 2135 1470 2183; x_wconf 90' lang='lat' dir='ltr'>bonorum</span> <span class='ocrx_word' id='word_1_180' title='bbox 1500 2139 1762 2199; x_wconf 89' lang='lat' dir='ltr'>emptores</span> <span class='ocrx_word' id='word_1_181' title='bbox 1790 2149 1886 2182; x_wconf 84' lang='lat' dir='ltr'>vos</span> 
     </span>
     <span class='ocr_line' id='line_1_24' title="bbox 329 2215 1886 2281; baseline -0.003 -13"><span class='ocrx_word' id='word_1_182' title='bbox 329 2218 430 2276; x_wconf 89' lang='lat' dir='ltr'>hic,</span> <span class='ocrx_word' id='word_1_183' title='bbox 459 2218 591 2267; x_wconf 89' lang='lat' dir='ltr'>tales</span> <span class='ocrx_word' id='word_1_184' title='bbox 617 2217 772 2276; x_wconf 78' lang='lat' dir='ltr'>virOS,</span> <span class='ocrx_word' id='word_1_185' title='bbox 802 2218 992 2275; x_wconf 91' lang='lat' dir='ltr'>sedere,</span> <span class='ocrx_word' id='word_1_186' title='bbox 1022 2217 1114 2281; x_wconf 89' lang='lat' dir='ltr'>qui</span> <span class='ocrx_word' id='word_1_187' title='bbox 1140 2215 1413 2281; x_wconf 88' lang='lat' dir='ltr'>excipiatis</span> <span class='ocrx_word' id='word_1_188' title='bbox 1439 2233 1541 2275; x_wconf 87' lang='lat' dir='ltr'>eos,</span> <span class='ocrx_word' id='word_1_189' title='bbox 1571 2216 1662 2281; x_wconf 93' lang='lat' dir='ltr'>qui</span> <span class='ocrx_word' id='word_1_190' title='bbox 1688 2217 1753 2265; x_wconf 94' lang='lat' dir='ltr'>de</span> <span class='ocrx_word' id='word_1_191' title='bbox 1779 2216 1886 2265; x_wconf 91' lang='lat' dir='ltr'>suis</span> 
     </span>
     <span class='ocr_line' id='line_1_25' title="bbox 326 2293 1881 2365; baseline -0.001 -15"><span class='ocrx_word' id='word_1_192' title='bbox 326 2293 577 2350; x_wconf 83' lang='lat' dir='ltr'>manibus</span> <span class='ocrx_word' id='word_1_193' title='bbox 612 2300 902 2365; x_wconf 82' lang='lat' dir='ltr'>effugerint.</span> <span class='ocrx_word' id='word_1_194' title='bbox 943 2301 1010 2349; x_wconf 93' lang='lat' dir='ltr'>Di</span> <span class='ocrx_word' id='word_1_195' title='bbox 1046 2299 1377 2365; x_wconf 88' lang='lat' dir='ltr'>prohibeant,</span> <span class='ocrx_word' id='word_1_196' title='bbox 1416 2298 1626 2358; x_wconf 90' lang='lat' dir='ltr'>iudices,</span> <span class='ocrx_word' id='word_1_197' title='bbox 1666 2316 1731 2348; x_wconf 91' lang='lat' dir='ltr'>ne</span> <span class='ocrx_word' id='word_1_198' title='bbox 1767 2301 1881 2359; x_wconf 91' lang='lat' dir='ltr'>hoc,</span> 
     </span>
     <span class='ocr_line' id='line_1_26' title="bbox 325 2383 1879 2449; baseline -0.002 -15"><span class='ocrx_word' id='word_1_199' title='bbox 325 2384 476 2449; x_wconf 45' lang='lat' dir='ltr'>«quod</span> <span class='ocrx_word' id='word_1_200' title='bbox 507 2383 730 2433; x_wconf 91' lang='lat' dir='ltr'>maiores</span> <span class='ocrx_word' id='word_1_201' title='bbox 762 2383 1034 2432; x_wconf 90' lang='lat' dir='ltr'>consilium</span> <span class='ocrx_word' id='word_1_202' title='bbox 1067 2383 1338 2448; x_wconf 87' lang='lat' dir='ltr'>publicum</span> <span class='ocrx_word' id='word_1_203' title='bbox 1371 2383 1549 2432; x_wconf 83' lang='lat' dir='ltr'>vocari</span> <span class='ocrx_word' id='word_1_204' title='bbox 1581 2383 1879 2441; x_wconf 89' lang='lat' dir='ltr'>voluerunt,</span> 
     </span>
     <span class='ocr_line' id='line_1_27' title="bbox 331 2465 2019 2532; baseline 0 -15"><span class='ocrx_word' id='word_1_205' title='bbox 331 2466 657 2532; x_wconf 82' lang='lat' dir='ltr'>praesidium·</span> <span class='ocrx_word' id='word_1_206' title='bbox 683 2470 945 2516; x_wconf 87' lang='lat' dir='ltr'>sectorum</span> <span class='ocrx_word' id='word_1_207' title='bbox 978 2465 1307 2515; x_wconf 86' lang='lat' dir='ltr'>existimetur</span> <span class='ocrx_word' id='word_1_208' title='bbox 1332 2467 1339 2514; x_wconf 89' lang='lat'>!</span> <span class='ocrx_word' id='word_1_209' title='bbox 1379 2466 1463 2514; x_wconf 91' lang='lat' dir='ltr'>An</span> <span class='ocrx_word' id='word_1_210' title='bbox 1495 2482 1635 2524; x_wconf 87' lang='lat' dir='ltr'>vero,</span> <span class='ocrx_word' id='word_1_211' title='bbox 1671 2465 1881 2523; x_wconf 79' lang='lat' dir='ltr'>iudiceS‚</span> <span class='ocrx_word' id='word_1_212' title='bbox 1919 2467 2019 2517; x_wconf 84' lang='grc'>152</span> 
     </span>
     <span class='ocr_line' id='line_1_28' title="bbox 326 2548 1885 2614; baseline -0.002 -15"><span class='ocrx_word' id='word_1_213' title='bbox 326 2566 427 2600; x_wconf 86' lang='lat' dir='ltr'>vos</span> <span class='ocrx_word' id='word_1_214' title='bbox 452 2565 558 2599; x_wconf 88' lang='lat' dir='ltr'>non</span> <span class='ocrx_word' id='word_1_215' title='bbox 582 2549 883 2613; x_wconf 86' lang='lat' dir='ltr'>intellegitis</span> <span class='ocrx_word' id='word_1_216' title='bbox 908 2548 1036 2598; x_wconf 92' lang='lat' dir='ltr'>nihil</span> <span class='ocrx_word' id='word_1_217' title='bbox 1063 2548 1207 2598; x_wconf 90' lang='lat' dir='ltr'>aliud</span> <span class='ocrx_word' id='word_1_218' title='bbox 1233 2549 1331 2614; x_wconf 86' lang='lat' dir='ltr'>agi,</span> <span class='ocrx_word' id='word_1_219' title='bbox 1359 2548 1459 2597; x_wconf 91' lang='lat' dir='ltr'>nisi</span> <span class='ocrx_word' id='word_1_220' title='bbox 1483 2554 1544 2597; x_wconf 86' lang='lat' dir='ltr'>ut</span> <span class='ocrx_word' id='word_1_221' title='bbox 1569 2548 1885 2614; x_wconf 90' lang='lat' dir='ltr'>proscripto-</span> 
     </span>
     <span class='ocr_line' id='line_1_29' title="bbox 325 2630 1884 2697; baseline -0.001 -16"><span class='ocrx_word' id='word_1_222' title='bbox 325 2648 448 2682; x_wconf 85' lang='lat' dir='ltr'>rum</span> <span class='ocrx_word' id='word_1_223' title='bbox 477 2631 625 2682; x_wconf 87' lang='lat' dir='ltr'>liberi</span> <span class='ocrx_word' id='word_1_224' title='bbox 647 2632 835 2697; x_wconf 83' lang='lat' dir='ltr'>quavis</span> <span class='ocrx_word' id='word_1_225' title='bbox 856 2632 1059 2681; x_wconf 91' lang='lat' dir='ltr'>ratione</span> <span class='ocrx_word' id='word_1_226' title='bbox 1080 2632 1349 2690; x_wconf 86' lang='lat' dir='ltr'>tollantur,</span> <span class='ocrx_word' id='word_1_227' title='bbox 1375 2636 1426 2680; x_wconf 89' lang='lat' dir='ltr'>et</span> <span class='ocrx_word' id='word_1_228' title='bbox 1450 2631 1560 2681; x_wconf 93' lang='lat' dir='ltr'>eius</span> <span class='ocrx_word' id='word_1_229' title='bbox 1581 2631 1653 2681; x_wconf 89' lang='lat' dir='ltr'>rei</span> <span class='ocrx_word' id='word_1_230' title='bbox 1673 2630 1884 2680; x_wconf 88' lang='lat' dir='ltr'>initium</span> 
     </span>
     <span class='ocr_line' id='line_1_30' title="bbox 320 2714 1883 2779; baseline -0.001 -15"><span class='ocrx_word' id='word_1_231' title='bbox 320 2715 387 2764; x_wconf 87' lang='lat' dir='ltr'>-in</span> <span class='ocrx_word' id='word_1_232' title='bbox 418 2719 596 2764; x_wconf 90' lang='lat' dir='ltr'>vestro</span> <span class='ocrx_word' id='word_1_233' title='bbox 628 2715 739 2764; x_wconf 91' lang='lat' dir='ltr'>iure</span> <span class='ocrx_word' id='word_1_234' title='bbox 771 2714 992 2764; x_wconf 87' lang='lat' dir='ltr'>iurando</span> <span class='ocrx_word' id='word_1_235' title='bbox 1027 2719 1188 2779; x_wconf 89' lang='lat' dir='ltr'>atque</span> <span class='ocrx_word' id='word_1_236' title='bbox 1221 2714 1275 2763; x_wconf 87' lang='lat' dir='ltr'>in</span> <span class='ocrx_word' id='word_1_237' title='bbox 1309 2715 1423 2764; x_wconf 85' lang='lat' dir='ltr'>Sex.</span> <span class='ocrx_word' id='word_1_238' title='bbox 1463 2714 1620 2764; x_wconf 89' lang='lat' dir='ltr'>Rosci</span> <span class='ocrx_word' id='word_1_239' title='bbox 1652 2714 1883 2779; x_wconf 89' lang='lat' dir='ltr'>periculo</span> 
     </span>
     <span class='ocr_line' id='line_1_31' title="bbox 292 2788 1878 2863; baseline -0.001 -16"><span class='ocrx_word' id='word_1_240' title='bbox 292 2788 296 2789; x_wconf 35' lang='lat'><em>⁷</em></span> <span class='ocrx_word' id='word_1_241' title='bbox 323 2797 544 2863; x_wconf 85' lang='lat' dir='ltr'>quaeri?</span> <span class='ocrx_word' id='word_1_242' title='bbox 584 2795 887 2846; x_wconf 90' lang='lat' dir='ltr'>Dubiumne</span> <span class='ocrx_word' id='word_1_243' title='bbox 905 2802 998 2854; x_wconf 92' lang='lat' dir='ltr'>est,</span> <span class='ocrx_word' id='word_1_244' title='bbox 1014 2798 1082 2846; x_wconf 91' lang='lat' dir='ltr'>ad</span> <span class='ocrx_word' id='word_1_245' title='bbox 1099 2814 1256 2862; x_wconf 90' lang='lat' dir='ltr'>quem</span> <span class='ocrx_word' id='word_1_246' title='bbox 1275 2797 1589 2849; x_wconf 91' lang='lat' dir='ltr'>maleficium</span> <span class='ocrx_word' id='word_1_247' title='bbox 1600 2797 1878 2862; x_wconf 87' lang='lat' dir='ltr'>pertineat,</span> 
     </span>
     <span class='ocr_line' id='line_1_32' title="bbox 323 2880 1880 2946; baseline -0.001 -17"><span class='ocrx_word' id='word_1_248' title='bbox 323 2896 452 2929; x_wconf 81' lang='lat' dir='ltr'>cum</span> <span class='ocrx_word' id='word_1_249' title='bbox 478 2881 704 2930; x_wconf 84' lang='lat' dir='ltr'>videatis</span> <span class='ocrx_word' id='word_1_250' title='bbox 730 2897 794 2930; x_wconf 92' lang='lat' dir='ltr'>ex</span> <span class='ocrx_word' id='word_1_251' title='bbox 821 2882 987 2930; x_wconf 87' lang='lat' dir='ltr'>altera</span> <span class='ocrx_word' id='word_1_252' title='bbox 1010 2886 1163 2946; x_wconf 78' lang='lat' dir='ltr'>parte</span> <span class='ocrx_word' id='word_1_253' title='bbox 1193 2886 1464 2939; x_wconf 86' lang='lat' dir='ltr'>sectorem,</span> <span class='ocrx_word' id='word_1_254' title='bbox 1500 2880 1786 2938; x_wconf 85' lang='lat' dir='ltr'>inimicum,</span> <span class='ocrx_word' id='word_1_255' title='bbox 1815 2881 1880 2929; x_wconf 89' lang='lat' dir='ltr'>si-</span> 
     </span>
     <span class='ocr_line' id='line_1_33' title="bbox 323 2962 1883 3028; baseline -0.001 -15"><span class='ocrx_word' id='word_1_256' title='bbox 323 2962 531 3014; x_wconf 84' lang='lat' dir='ltr'>carium</span> <span class='ocrx_word' id='word_1_257' title='bbox 576 2964 904 3027; x_wconf 85' lang='lat' dir='ltr'>eundemque</span> <span class='ocrx_word' id='word_1_258' title='bbox 961 2967 1319 3013; x_wconf 88' lang='lat' dir='ltr'>accusatorem</span> <span class='ocrx_word' id='word_1_259' title='bbox 1377 2964 1475 3013; x_wconf 92' lang='lat' dir='ltr'>hoc</span> <span class='ocrx_word' id='word_1_260' title='bbox 1520 2967 1770 3028; x_wconf 88' lang='lat' dir='ltr'>tempore,</span> <span class='ocrx_word' id='word_1_261' title='bbox 1817 2978 1883 3012; x_wconf 87' lang='lat' dir='ltr'>ex</span> 
     </span>
    </p>
   </div>
  </div>
 </body>
</html>
