2216 3288
408 330 479 379 50
876 326 1020 376 PRO
1072 325 1226 379 SEX.
1279 325 1535 379 ROSCIO

411 454 673 498 terrarum
712 448 1031 512 gubernaret
1071 446 1385 512 imperiique
1422 446 1777 504 maiestatem,
1818 461 1983 510 quam

411 532 571 581 armis
614 535 900 596 receperat,
945 530 1148 595 legibus
1191 530 1544 588 confirmaret,
1592 529 1772 595 aliqua
1815 529 1982 579 anim·

410 615 686 664 advertere
707 631 814 664 non
834 612 1104 680 potuisse
1094 614 1113 651 Ρ
1159 611 1260 663 nisi
1280 614 1380 663 hoc
1400 613 1594 663 mirum
1616 617 1711 672 est,
1736 612 1882 678 quod
1899 611 1983 663 vis

408 698 591 748 divina
615 698 835 762 adsequi
859 714 966 747 non
991 696 1174 763 possit,
1203 697 1247 746 si
1270 697 1327 746 id
1349 713 1499 746 mens
1523 697 1759 746 humana
1781 695 1982 762 adepta

266 783 370 832 132
406 798 513 831 non
556 782 639 830 sit.
715 782 911 831 Verum
954 786 1015 830 ut
1057 782 1187 830 haec
1229 780 1390 830 missa
1432 769 1642 838 faciam,
1687 796 1825 845 quae
1865 778 1974 830 iam

408 865 552 915 facta
595 870 735 923 sunt,
783 882 848 914 ex
890 864 968 922 iis,
1015 881 1152 928 quae
1196 880 1336 913 nunc
1379 880 1501 913 cum
1543 861 1776 913 maxime
1818 862 1972 923 fiunt,

405 965 581 998 nonne
610 948 787 1013 quivis
816 953 995 1014 potest
1026 948 1327 1013 intellegere
1357 945 1596 997 omnium
1625 945 1978 997 architectum
2059 975 2066 979 ,
2150 954 2158 958 “

405 1037 459 1081 et
480 1033 902 1082 machinatorem
925 1048 1093 1081 unum
1115 1047 1227 1082 esse
1249 1032 1650 1096 Chrysogonum
1673 1030 1692 1080 ?
1738 1028 1832 1095 qui
1854 1030 1974 1080 Sex.

405 1115 564 1166 Rosci
583 1132 777 1165 nomen
799 1115 1144 1166 deferendum
1165 1114 1390 1173 curavit,
1413 1113 1563 1164 cuius
1581 1113 1796 1164 honoris
1815 1129 1979 1164 causa

399 1214 645 1250 accusare
673 1216 728 1250 se
756 1198 894 1249 dixit
922 1198 1179 1248 Erucius,
1215 1240 1225 1248 .
1261 1240 1270 1249 .
1307 1239 1316 1248 .
1475 1264 1481 1268 ι
1639 1264 1642 1265 7

469 1283 662 1333 XLVI.
697 1324 706 1333 .
741 1324 750 1332 .
786 1323 794 1333 .
827 1288 1013 1348 aptam
1042 1288 1095 1332 et
1123 1283 1329 1332 ratione
1355 1281 1669 1347 dispositam
1695 1298 1752 1332 se
1778 1279 1974 1331 habere
2031 1287 2034 1290 ’

401 1366 727 1425 existimant,
758 1366 850 1432 qui
877 1366 932 1415 in
961 1365 1264 1416 Sallentinis
1292 1370 1387 1415 aut
1414 1365 1469 1414 in
1496 1364 1725 1415 Bruttiis
1750 1364 1969 1423 habent,

400 1449 542 1500 unde
571 1450 665 1500 vix
696 1457 778 1500 ter
809 1450 863 1499 in
897 1466 1036 1500 anno
1069 1449 1251 1499 audire
1282 1448 1532 1499 nuntium
1563 1452 1802 1514 possunt.

260 1535 363 1584 133
502 1534 652 1583 Alter
686 1533 788 1583 tibi
823 1533 1096 1583 descendit
1133 1534 1197 1583 de
1234 1533 1443 1583 Palatio
1480 1538 1533 1582 et
1569 1532 1790 1582 aedibus
1825 1530 1967 1591 suis;

295 1603 299 1607 ⁴
398 1616 561 1666 habet
607 1617 769 1667 animi
813 1633 975 1667 causa
1019 1633 1107 1666 rus
1151 1633 1434 1667 amoenum
1479 1621 1533 1666 et
1579 1616 1961 1674 suburbanum,

397 1701 551 1765 plura
599 1706 874 1766 praeterea
923 1700 1141 1766 praedia
1191 1717 1362 1765 neque
1412 1705 1594 1750 tamen
1644 1699 1812 1764 ullum
1861 1697 1963 1748 nisi

395 1784 724 1849 praeclarum
773 1790 827 1834 et
875 1784 1270 1850 propinquum;
1340 1784 1531 1833 domus
1578 1784 1774 1833 referta
1819 1781 1965 1833 vasis

395 1866 679 1917 Corinthiis
719 1872 773 1917 et
814 1867 1058 1926 DeliaciS,
1101 1868 1156 1917 in
1197 1868 1392 1932 quibus
1433 1873 1513 1917 est
1554 1867 1816 1932 authepsa
1854 1865 1961 1924 illa,

393 1967 557 2015 quam
610 1956 766 2001 tanto
818 1951 990 2016 pretio
1042 1968 1211 2016 nuper
1262 1956 1528 2001 mercatus
1581 1955 1677 2010 est,
1731 1954 1810 2008 ut,
1866 1948 1960 2015 qui

390 2039 789 2099 praetereuntes
826 2051 1139 2100 praeconem
1178 2035 1455 2084 enuntiare
1493 2033 1799 2092 audiebant,
1840 2033 1959 2083 fun-

389 2118 520 2167 dum
563 2117 744 2168 venire
789 2118 1189 2168 arbitrarentur.
1264 2117 1405 2183 Quid
1449 2123 1724 2183 praeterea
1767 2115 1961 2167 caelati

390 2202 610 2266 argenti,
650 2201 780 2266 quid
815 2202 1080 2266 'stragulae
1115 2201 1294 2261 vestis,
1334 2201 1466 2266 quid
1499 2200 1766 2267 pictarum
1799 2201 1958 2251 tabu-

387 2285 574 2342 larum,
620 2284 750 2350 quid
793 2285 1076 2349 signorum,
1123 2284 1253 2350 quid
1294 2284 1572 2335 marmoris
1615 2283 1760 2350 apud
1800 2283 1952 2333 illurn

387 2368 592 2432 putatis
632 2370 785 2418 esse?
861 2369 1095 2418 Tantum
1136 2368 1349 2427 scilicet,
1393 2374 1658 2434 quantum
1699 2384 1728 2417 e
1767 2366 1952 2420 multis

387 2451 778 2516 splendidisque
812 2452 1025 2502 familiis
1056 2452 1111 2501 in
1144 2452 1304 2503 turba
1336 2456 1390 2502 et
1422 2450 1620 2517 rapinis
1651 2449 1952 2502 coacervari

244 2534 348 2584 134
385 2551 492 2583 una
532 2535 587 2583 in
630 2535 789 2585 domo
830 2535 1024 2601 potuit.
1100 2534 1379 2586 Familiam
1420 2551 1547 2586 vero
1589 2539 1852 2600 quantam
1893 2537 1948 2584 et

384 2634 546 2682 quam
577 2619 738 2667 variis
768 2634 900 2668 cum·
923 2619 1157 2669 artificiis
1188 2619 1400 2679 habeat,
1436 2617 1567 2684 quid
1597 2634 1692 2683 ego
1723 2617 1942 2668 dicam?

382 2701 541 2750 Mitto
557 2702 714 2752 hasce
731 2707 871 2751 artes
889 2702 1145 2766 vulgares
1166 2718 1333 2761 οοεοε,
1355 2701 1594 2768 pistoreS,
1614 2701 1909 2752 lecticarios
1930 2715 1943 2759 ;

382 2783 543 2833 animi
579 2790 631 2834 et
668 2786 874 2834 aurium
911 2801 1071 2835 causa
1105 2790 1189 2836 tot
1222 2785 1463 2836 homines
1497 2786 1676 2844 habet,
1714 2789 1777 2834 ut
1810 2782 1941 2834 coti-

376 2867 537 2917 diano
565 2873 727 2918 cantu
754 2885 948 2918 vocum
976 2874 1028 2919 et
1057 2885 1341 2920 nervorum
1369 2873 1422 2919 et
1449 2867 1712 2924 tibiarum,
1730 2870 1943 2918 noctur-

375 2950 563 3015 nisque
585 2951 835 3002 conviciis
857 2956 976 3002 tota
996 2951 1244 3002 vicinitas
1265 2957 1526 3018 personet.
1603 2952 1667 3002 In
1687 2952 1788 3003 hac
1807 2949 1941 3011 vita,
