2216 3288
379 313 447 360 42
846 314 987 363 PRO
1037 315 1189 365 SEX.
1244 316 1497 366 ROSCIO

387 431 518 481 fides
537 414 828 481 amicorum
847 434 1180 498 supponitur,
1201 452 1363 500 quam
1381 436 1473 500 qui
1489 435 1669 495 laedit,
1690 439 1974 502 oppugnat

389 514 627 564 omnium
665 533 945 566 commune
981 518 1303 582 praesidium
1340 525 1409 577 et,
1449 526 1714 584 quantum
1749 520 1804 569 in
1841 520 1957 585 ipso

389 603 485 656 est,
513 599 779 649 disturbat
804 600 948 649 vitae
972 601 1296 651 societatem.
1370 603 1492 652 Non
1516 604 1655 653 enim
1677 618 1965 669 possumus¹

387 681 566 731 onmia
589 699 682 747 per
705 700 800 732 nos
826 700 977 748 agere
1002 700 1011 742 ;
1059 684 1191 734 alius
1214 686 1269 734 in
1294 686 1397 736 alia
1421 692 1500 736 est
1524 704 1578 736 re
1602 686 1770 751 magis
1793 686 1953 736 utilis.

391 765 594 815 Idcirco
640 766 904 817 amicitiae
948 774 1340 833 comparantur,
1387 775 1448 819 ut
1493 787 1772 820 commune
1815 785 1962 820 com-—

251 849 353 898 112
391 849 609 898 modum
667 850 869 900 mutuis
926 852 1108 902 officiis
1133 902 1140 909 ,
1164 855 1500 917 gubernetur.
1575 853 1716 918 Quid
1771 852 1966 919 recipis

390 933 724 992 mandatum,
758 934 799 982 si
831 940 924 984 aut
956 936 1288 1000 neglecturus
1318 943 1412 986 aut
1444 938 1512 986 ad
1541 943 1696 986 tuum
1726 953 1956 987 commo-

390 1016 519 1065 dum
566 1034 915 1068 conversurus
954 1020 1054 1074 es?
1122 1037 1214 1070 cur
1254 1020 1385 1069 mihi
1428 1027 1481 1070 te
1523 1019 1679 1070 offers
1721 1038 1782 1071 ac
1822 1019 1955 1070 meis

390 1101 682 1150 commodis
709 1101 879 1151 officio
906 1102 1155 1152 simulato
1181 1104 1344 1153 officis
1370 1110 1423 1154 et
1450 1106 1632 1154 obstas
1656 1105 1675 1153 Ρ
1751 1103 1966 1154 Recede·

390 1183 455 1232 de
477 1171 651 1234 medio
676 1200 686 1242 ;
729 1202 822 1250 per
845 1186 1006 1235 alium
1029 1187 1334 1252 transigam.
1377 1188 1606 1254 Suscipis
1628 1204 1761 1238 onus
1782 1187 1954 1245 officii,

393 1268 538 1331 quod
576 1273 629 1318 te
666 1273 826 1333 putas
864 1270 1120 1320 sustinere
1157 1287 1344 1336 posse;
1403 1273 1548 1336 quod
1582 1271 1799 1321 minime
1859 1272 1962 1321 leve

386 1349 600 1400 videtur
615 1351 693 1410 iis,
715 1353 806 1417 qui
824 1353 1040 1403 minime
1058 1354 1158 1419 ipsi
1175 1356 1317 1404 leves
1334 1360 1474 1405 sunt.
1494 1356 1781 1405 «XXXIX.
1821 1355 1971 1418 Ergo

379 1433 573 1484 idcirco
613 1435 784 1500 turpis
823 1438 952 1487 haec
985 1438 1142 1503 eulpa
1159 1444 1254 1496 est,
1275 1439 1419 1503 quod
1445 1439 1578 1488 duas
1595 1454 1676 1488 res
1692 1438 1960 1489 sanctissi-

386 1534 504 1567 mas
527 1519 709 1577 violat,
737 1519 1027 1570 amicitiam
1051 1527 1103 1571 et
1130 1523 1301 1571 fidem.
1377 1524 1516 1572 Nam
1540 1539 1711 1587 neque
1733 1522 1958 1572 mandat

327 1619 331 1621 ’
389 1601 673 1667 quisquam
706 1603 812 1652 fere
843 1603 942 1653 nisi
974 1605 1143 1655 amico
1175 1623 1345 1671 neque
1376 1606 1542 1656 credit
1573 1606 1674 1656 nisi
1704 1606 1766 1664 ei,
1798 1621 1960 1671 quem
2018 1613 2023 1616 ’

389 1685 599 1734 fidelem
628 1692 802 1750 putat.
878 1688 1225 1739 Perditissimi
1254 1695 1334 1739 est
1362 1689 1522 1754 igitur
1550 1689 1777 1740 hominis
1805 1688 1962 1738 simul

391 1773 444 1817 et
494 1769 783 1820 amicitiam
832 1771 1114 1822 dissolvere
1163 1778 1215 1822 et
1264 1774 1441 1823 fallere
1489 1791 1624 1832 eum,
1675 1773 1767 1838 qui
1788 1773 1972 1822 laesus-

253 1852 353 1902 113
393 1868 499 1901 non
537 1859 688 1912 esset,
729 1854 828 1903 nisi
865 1855 1186 1906 credidisset.
1266 1859 1417 1907 Itane
1454 1859 1577 1907 est?
1638 1858 1692 1906 in
1728 1855 1969 1908 minimis<

2077 1931 2088 1934 ‚
2113 1909 2136 1927 Ψ

391 1937 548 1985 rebus
588 1938 678 2002 qui
718 1939 1035 1989 mandatum
1075 1941 1378 2005 neglexerit,
1422 1941 1727 2006 turpissimo
1766 1939 1970 1989 iudicio·
2037 1986 2049 1990 ,

387 2020 768 2071 condemnetur
810 2039 1018 2073 necesse
1062 2029 1176 2082 est·;
1239 2025 1294 2073 in
1337 2042 1391 2074 re
1407 2030 1564 2075 tanta
1606 2041 1727 2074 cum
1770 2024 1829 2082 is,
1874 2021 1962 2073 cui

390 2103 534 2152 fama
592 2105 806 2163 mortui,
846 2106 1092 2156 fortunae
1128 2108 1238 2158 vivi
1275 2109 1679 2158 commendatae
1715 2113 1840 2158 sunt
1877 2112 1959 2157 at-

394 2203 496 2250 que.
527 2189 875 2247 concreditae,
896 2190 1184 2254 ignominia
1223 2197 1510 2250 mortuum,
1548 2198 1753 2257 egestate
1789 2193 1962 2241 vivum

394 2270 662 2329 adfecerit,
694 2272 737 2320 is
764 2272 903 2322 inter
929 2275 1179 2324 honestos
1208 2275 1446 2328 homines
1475 2281 1637 2340 atque
1665 2276 1797 2325 adeo
1824 2275 1970 2324 inter

392 2353 547 2403 vivos
584 2356 993 2407 numerabitur?
1073 2359 1134 2406 In
1172 2358 1404 2408 minimis
1439 2359 1770 2424 privatisque
1805 2359 1972 2408 rebus

349 2479 352 2481 .
389 2437 550 2486 etiam
594 2440 922 2504 neglegentia
965 2443 1207 2491 mandati
1250 2443 1304 2492 in
1362 2443 1558 2492 crimen
1601 2442 1961 2507 iudiciumque

391 2520 642 2571 infamiae
668 2529 907 2582 vocatur,
937 2530 1218 2590 propterea
1245 2527 1404 2591 quod,
1434 2527 1476 2576 si
1504 2531 1644 2576 recte
1671 2527 1781 2585 fiat,
1811 2525 1962 2575 illum

395 2606 664 2669 neglegere
712 2614 971 2671 oporteat,
1025 2609 1115 2673 qui
1163 2611 1447 2669 mandarit,
1499 2627 1605 2660 non
1653 2611 1816 2668 illum,
1867 2607 1962 2674 qui

392 2690 709 2738 mandatum
734 2691 987 2756 receperit
1011 2708 1021 2750 ;
1067 2693 1121 2741 in
1146 2711 1199 2743 re
1223 2699 1394 2752 tanta,
1422 2712 1559 2759 quae
1582 2693 1791 2760 publice
1813 2697 1964 2758 gesta

394 2777 557 2836 atque
597 2774 876 2823 commissa
916 2776 999 2834 sit,
1044 2776 1134 2840 qui
1175 2794 1281 2826 non
1321 2778 1650 2843 neglegentia
1688 2777 1963 2842 privatum

392 2855 608 2919 aliquod
647 2859 986 2908 commodum
1026 2860 1249 2919 laeserit,
1293 2862 1385 2910 sed
1423 2861 1644 2926 perfidia
1682 2858 1970 2925 legationis

390 2938 554 3002 ipsius
603 2941 978 2999 caerimoniam
1030 2944 1274 3007 polluerit
1324 2945 1638 3010 maculaque
1688 2941 1967 3001 adfecerit„
