2216 3288
227 1755 285 1805 71

331 383 396 431 26
795 383 937 431 PRO
987 382 1140 432 SEX.
1195 382 1447 432 ROSCIO

331 501 607 560 niensium,
643 503 771 551 dum
804 519 865 551 ea
897 519 1071 551 rerum
1103 503 1278 567 potita
1309 509 1405 562 est,
1441 503 1600 553 fuisse
1632 503 1854 552 traditu1

332 585 443 635 eius
479 602 636 650 porro
673 585 908 635 civitatis
945 586 1395 651 sapientissimum
1432 587 1677 636 Solonem
1715 586 1903 636 dicunt

332 668 508 727 fuisse,
542 686 661 719 eum
694 670 785 734 qui
815 670 978 733 leges,
1002 669 1196 733 quibus
1226 670 1382 719 hodie
1412 686 1624 734 quoque
1654 674 1896 729 utuntur,

332 752 555 817 scripsit.
598 755 650 803 Is
668 738 789 816 cum
806 754 1235 818 interrogaretur,
1256 770 1348 802 cur
1364 754 1568 802 nullum
1587 753 1909 818 supplicium

331 836 692 886 constituisset
711 837 766 885 in
787 853 923 895 eum,
946 837 1037 901 qui
1055 842 1332 902 parentem
1352 842 1605 894 necasset,
1628 836 1902 901 respondit

331 935 385 968 se
424 919 480 968 id
518 920 781 970 neminem
823 921 1089 970 facturum
1129 925 1360 985 putasse.
1402 920 1679 985 Sapienter
1718 919 1904 970 fecisse
1934 947 1941 956 ·

328 1002 536 1062 dicitur,
571 1019 690 1053 cum
710 1005 776 1053 de
807 1020 868 1054 eo
886 1004 1016 1053 nihil
1034 1003 1282 1062 sanxerit,
1318 1005 1463 1068 quod
1481 1008 1641 1053 antea
1659 1003 1899 1054 commis-

330 1101 451 1135 sum
475 1103 582 1136 non
606 1092 736 1145 erat,
765 1105 830 1136 ne
855 1104 961 1137 non
987 1092 1102 1136 tam
1126 1087 1404 1153 prohibere
1429 1103 1592 1153 quam
1618 1087 1907 1137 admonere

332 1170 616 1221 videretur.
657 1172 872 1235 Quanto
890 1171 1058 1221 nostri
1075 1172 1300 1221 maiores
1318 1171 1610 1236 sapientius
1635 1172 1643 1220 ἱ
1665 1171 1900 1236 quicum

330 1253 694 1319 intellegerent
750 1254 880 1304 nihil
936 1271 1047 1304 esse
1102 1261 1215 1304 tam
1271 1260 1532 1313 sanctum,
1591 1254 1736 1319 quod
1790 1270 1898 1304 non

333 1337 619 1402 aliquando
649 1338 873 1388 violaret
906 1339 1144 1397 audacia,
1179 1338 1495 1404 supplicium
1526 1338 1581 1387 in
1611 1338 1907 1403 parricidas

332 1420 593 1484 singulare
659 1422 1112 1486 excogitaverunt,
1180 1427 1256 1480 ut,
1325 1437 1459 1486 quos
1523 1426 1718 1471 natura
1782 1421 1902 1488 ipsa

331 1504 556 1554 retinere
582 1505 637 1553 in
665 1505 836 1555 officio
862 1522 970 1555 non
997 1506 1275 1571 potuisset,
1305 1505 1672 1570 magnitudine
1698 1521 1908 1570 poenae
1968 1538 1979 1542 -

331 1604 363 1637 a
422 1589 680 1638 maleficio
741 1595 1216 1639 summoverentur.
1291 1590 1438 1639 Insui
1497 1589 1782 1638 voluerunt
1843 1588 1899 1638 in

331 1672 558 1721 culleum
587 1672 741 1723 vivos
771 1678 934 1738 atque
964 1673 1042 1722 ita
1072 1673 1125 1721 in
1157 1673 1353 1722 flumen
1385 1673 1532 1722 deici.
1566 1665 1573 1671 ⁰

433 1755 635 1805 XXVI.
676 1756 721 1805 O
747 1756 1064 1820 singularem
1081 1756 1412 1822 sapientiam,
1430 1755 1629 1805 iudices
1653 1757 1660 1805 !
1707 1756 1903 1806 Nonne

330 1838 581 1888 videntur
602 1840 741 1889 hunc
762 1840 1029 1889 hominem
1051 1857 1115 1890 ex
1136 1857 1310 1890 rerum
1331 1844 1525 1890 natura
1540 1839 1812 1889 sustulisse
1842 1826 1914 1890 etv

330 1921 593 1986 eripuisse,
615 1922 699 1972 cui
715 1929 931 1988 repente
948 1924 1167 1981 caelum,
1189 1924 1366 1982 solem,
1388 1940 1584 1988 aquam
1602 1928 1916 1993 terramque·

328 2005 634 2065 ademerint,
668 2011 743 2065 ut,
765 2007 855 2072 qui
874 2024 993 2056 eum
1010 2012 1262 2066 necasset,
1283 2007 1422 2057 unde
1439 2008 1549 2071 ipse
1567 2012 1725 2056 natus
1743 2012 1894 2066 esset,

326 2094 524 2139 careret
549 2089 611 2139 iis
635 2091 788 2140 rebus
823 2091 1080 2150 omnibus,
1110 2108 1173 2140 ex
1200 2090 1391 2156 quibus
1425 2090 1602 2140 omnia
1626 2095 1755 2141 nata
1787 2106 1905 2141 esse

326 2171 616 2222 dicuntur?
699 2175 994 2223 Noluerunt
1031 2174 1152 2229 feris
1196 2187 1384 2239 corpus
1419 2174 1636 2232 obicere,
1683 2190 1749 2223 ne
1783 2175 1902 2224 bes-

328 2255 414 2304 tiis
465 2273 689 2322 quoque,
753 2275 887 2321 quae
947 2263 1161 2307 tantum
1211 2259 1376 2308 scelus
1435 2257 1748 2322 attigissent,
1801 2257 1899 2320 im-

325 2339 648 2389 manioribus
698 2346 964 2390 uteremur
986 2358 997 2400 ;
1080 2358 1185 2390 non
1245 2341 1318 2390 sic
1368 2342 1538 2391 nudos
1596 2341 1650 2390 in
1700 2341 1899 2391 flumen

324 2422 537 2482 deicere,
563 2440 642 2482 ne,
669 2441 789 2473 cum
813 2424 974 2474 delati
1008 2430 1177 2474 essent
1212 2425 1265 2474 in
1287 2441 1446 2484 mare,
1479 2425 1654 2490 ipsum
1675 2425 1900 2489 polluer-

325 2510 429 2564 ent,
458 2523 563 2570 quo
597 2514 782 2566 cetera,
812 2525 947 2573 quae
979 2509 1179 2567 violata
1202 2514 1340 2567 sunt,
1370 2508 1567 2573 expiari
1599 2513 1891 2572 putantur;

324 2589 547 2653 denique
577 2590 705 2640 nihil
735 2596 847 2641 tam
876 2592 980 2641 vile
1020 2608 1189 2656 neque
1219 2597 1331 2642 tam
1369 2592 1583 2656 vulgare
1614 2596 1706 2650 est,
1748 2591 1904 2642 cuius

226 2671 291 2722 72
328 2677 533 2735 partem
591 2675 751 2723 ullam
810 2675 1125 2740 reliquerint.
1181 2675 1394 2725 Etenim
1453 2675 1582 2740 quid
1646 2680 1759 2724 tam
1816 2681 1895 2726 est

324 2771 601 2806 commune
638 2775 798 2822 quam
845 2759 1057 2823 spiritus
1102 2758 1252 2818 vivis,
1294 2765 1433 2809 terra
1477 2758 1712 2818 mortuis,
1751 2775 1904 2810 mare

324 2838 718 2899 fluctuantibus,
750 2842 876 2891 litus
896 2842 1071 2892 eiectis
1094 2843 1113 2891 Ρ
1167 2845 1252 2892 Ita
1271 2842 1476 2902 vivunt,
1509 2843 1636 2892 dum
1655 2847 1900 2907 possunt„

324 2927 382 2971 ut
403 2923 589 2973 ducere
608 2924 838 2974 animam
866 2927 930 2975 de
949 2926 1091 2975 caelo
1119 2942 1224 2975 non
1243 2931 1456 2991 queant,
1486 2925 1562 2974 ita
1578 2925 1898 2985 moriuntur,

323 3011 382 3053 ut
407 3022 584 3056 eorum
603 3024 719 3057 ossa
744 3015 882 3058 terra
900 3023 1004 3058 non
1030 3014 1233 3073 tangat,
1252 3010 1330 3059 ita
1354 3010 1620 3060 iactantur
1634 3009 1905 3069 fluctibus,
