2216 3288
705 302 850 352 CAP.
902 303 1174 353 VII—IX.
1249 307 1271 367 ἓ
1312 304 1506 352 19-25
1861 300 1895 348 9

325 423 446 480 erit,
482 422 680 487 aliquid
711 422 923 471 huiusce
954 423 1098 472 modi
1128 423 1423 474 moliantur.
1514 421 1635 469 Huc
1675 419 1891 476 accedit,

329 495 490 569 quod,
529 504 770 568 quamvis
812 505 894 553 ille
930 504 1051 554 felix
1095 505 1178 563 sit,
1216 505 1350 554 sicut
1386 509 1481 562 est,
1528 507 1706 551 tamen
1741 504 1896 549 tanta

334 587 584 636 felicitate
626 603 779 637 nemo
832 592 1007 651 potest
1052 603 1175 646 esse,
1232 589 1285 636 in
1329 602 1520 649 magna
1562 584 1762 633 familia
1805 582 1896 647 qui

327 669 593 719 neminem
636 686 803 734 neque
846 686 1054 719 servum
1110 687 1278 734 neque
1319 670 1564 718 libertum
1597 667 1896 731 improbum

335 754 542 802 habeat.
619 754 824 802 Interea
846 754 943 802 iste
975 754 1030 802 T.
1060 753 1292 810 Roscius,
1327 752 1408 802 vir
1431 751 1675 816 optimus,
1710 765 1891 812 procu-
1927 748 1993 798 23

336 841 479 884 rator
514 835 846 900 Chrysogoni,
893 835 1157 884 Ameriam
1202 835 1360 893 venit,
1399 835 1453 883 in
1495 833 1709 899 praedia
1743 831 1898 881 huius

333 917 553 975 invadit,
583 919 721 967 hunc
757 918 1015 974 miserum,
1053 918 1199 967 luctu
1226 917 1503 982 perditum,
1544 916 1634 979 qui
1662 914 1897 963 nondum

335 1002 497 1049 etiam
534 1001 708 1049 omnia
752 1006 971 1064 paterno
1008 999 1176 1049 funeri
1220 1000 1359 1049 iusta
1395 999 1644 1054 solvisset,
1694 997 1896 1045 nudum

334 1084 455 1132 eicit
521 1084 675 1132 domo
731 1087 891 1146 atque
945 1082 1072 1131 focis
1135 1083 1318 1147 patriis
1372 1082 1556 1146 disque
1618 1080 1897 1145 penatibus

335 1165 686 1230 praecipitem,
759 1165 966 1222 iudices,
1041 1166 1302 1222 exturbat,
1377 1166 1486 1230 ipse
1549 1163 1897 1227 amplissimae

335 1249 584 1312 pecuniae
611 1249 671 1297 fit
700 1249 953 1297 dominus.
1038 1248 1139 1311 Qui
1165 1249 1219 1296 in
1247 1264 1341 1296 sua
1378 1264 1430 1296 re
1458 1247 1639 1296 fuisset
1678 1245 1896 1309 egentis-

335 1332 509 1387 simus,
546 1338 670 1388 erat,
706 1337 765 1379 ut
797 1332 870 1388 fit,
914 1332 1137 1380 insolens
1167 1331 1221 1379 in
1252 1331 1451 1387 aliena;
1512 1331 1682 1378 multa
1719 1329 1895 1393 palam

335 1414 551 1462 domum
593 1431 741 1463 suam
777 1405 1077 1471 auferebat,
1129 1414 1279 1478 plura
1319 1414 1453 1462 clam
1494 1413 1558 1461 de
1607 1412 1779 1460 medio
1819 1428 1895 1459 re-

337 1498 607 1554 movebat,
643 1513 746 1545 non
773 1512 943 1560 pauca
968 1497 1074 1545 suis
1101 1495 1431 1549 adiutoribus
1456 1497 1598 1559 large
1625 1494 1893 1557 effuseque

334 1581 584 1638 donabat,
618 1581 816 1646 reliqua
844 1580 1132 1629 constituta
1160 1579 1405 1629 auctione
1434 1579 1713 1628 vendebat.

471 1663 564 1712 IX.
606 1663 759 1726 Quod
783 1663 1040 1712 Amerinis
1054 1679 1221 1726 usque
1238 1679 1298 1711 eo
1322 1662 1495 1712 visum
1512 1666 1594 1711 est
1617 1661 1903 1723 indignum,

1930 1660 1997 1709 24

333 1751 395 1794 ut
418 1748 547 1795 urbe
570 1751 687 1794 tota
709 1747 862 1795 fletus
893 1746 1220 1810 gemitusque
1243 1746 1401 1795 fieret.
1492 1743 1705 1793 Etenim
1727 1744 1897 1792 multa
1937 1770 1942 1775 ·

333 1828 488 1877 simul
518 1833 641 1878 ante
670 1829 846 1877 oculos
883 1829 1242 1886 versabantur,
1275 1844 1414 1877 mors
1452 1827 1675 1876 hominis
1714 1827 1895 1875 floren-

335 1910 521 1959 tissimi
551 1912 664 1960 Sex.
688 1912 844 1960 Rosci
870 1912 1235 1969 crudelissima,
1258 1911 1347 1960 filii
1365 1916 1542 1959 autem
1571 1910 1678 1959 eius¹
1695 1914 1897 1973 egestas

334 1993 705 2057 indignissima,
761 1995 843 2043 cui
886 1995 950 2044 de
1001 1999 1152 2043 tanto
1196 1993 1510 2058 patrimonio
1554 1993 1746 2057 praedo
1798 1991 1897 2040 iste

334 2076 560 2126 nefarius
594 2094 658 2126 ne
691 2077 789 2125 iter
831 2077 1042 2140 quidem
1085 2078 1152 2126 ad
1185 2078 1477 2141 sepulcrum
1518 2077 1750 2140 patrium
1784 2075 1895 2123 reli-

334 2160 546 2223 quisset,
591 2160 846 2209 bonorum
889 2161 1084 2225 emptio
1117 2160 1385 2224 flagitiosa,
1431 2159 1697 2224 possessio,
1736 2158 1892 2214 furta,

334 2243 560 2307 rapinae,
591 2244 910 2292 donationes.
1002 2244 1169 2292 Nemo
1196 2247 1321 2301 erat,
1350 2242 1441 2307 qui
1466 2258 1570 2293 non
1605 2242 1784 2291 ardere
1806 2241 1896 2289 illa

327 2326 510 2374 -omnia
536 2326 715 2375 mallet
750 2342 910 2389 quam
937 2326 1113 2376 videre
1146 2327 1200 2374 in
1228 2327 1342 2375 Sex.
1375 2325 1544 2382 Rosci,
1583 2324 1681 2373 viri
1709 2324 1896 2388 optimi

334 2413 498 2472 atque
518 2408 882 2467 honestissimi,
902 2409 1052 2458 bonis
1077 2409 1362 2458 iactantem
1378 2425 1432 2457 se
1449 2425 1508 2457 ac
1534 2408 1895 2457 dominantem

333 2491 391 2541 T.
437 2491 696 2541 Roscium.
790 2493 978 2555 Itaque
1019 2491 1354 2541 decurionum
1404 2492 1671 2540 decretum
1712 2490 1895 2539 statim

334 2575 410 2631 fit,
463 2581 523 2624 ut
580 2575 760 2623 decem
808 2575 961 2639 primi
1018 2574 1410 2640 proficiscantur
1461 2574 1529 2623 ad
1587 2575 1641 2622 L.
1697 2573 1894 2622 Sullam

333 2658 660 2720 doceantque
699 2673 831 2715 eum,
882 2658 972 2721 qui
1011 2658 1091 2707 vir
1129 2658 1243 2707 Sex.
1297 2656 1514 2706 Roscius
1553 2657 1721 2714 fuerit,
1773 2672 1891 2704 con-

325 2744 620 2804 querantur
649 2741 712 2788 de
750 2740 967 2788 istorum
997 2741 1182 2789 scelere
1221 2746 1273 2788 et
1302 2739 1512 2796 iniuriis,
1554 2745 1716 2797 orent,
1750 2745 1810 2787 ut
1841 2743 1892 2787 et

330 2823 467 2873 illius
498 2825 691 2872 mortui
731 2822 927 2872 famam
961 2829 1013 2872 et
1045 2823 1136 2873 filii
1175 2823 1464 2873 innocentis
1505 2823 1743 2872 fortunas
1774 2837 1894 2871 con-

331 2911 566 2956 servatas
626 2907 767 2955 velit.
857 2907 1033 2971 Atque
1093 2907 1263 2971 ipsum
1325 2908 1606 2963 decretum,
1679 2921 1889 2969 quaes0,

1929 2490 1994 2540 25
