<?xml version="1.0" encoding="UTF-8"?>
<!DOCTYPE html PUBLIC "-//W3C//DTD XHTML 1.0 Transitional//EN"
    "http://www.w3.org/TR/xhtml1/DTD/xhtml1-transitional.dtd">
<html xmlns="http://www.w3.org/1999/xhtml" xml:lang="en" lang="en">
 <head>
  <title>
</title>
<meta http-equiv="Content-Type" content="text/html;charset=utf-8" />
  <meta name='ocr-system' content='tesseract 3.04.00' />
  <meta name='ocr-capabilities' content='ocr_page ocr_carea ocr_par ocr_line ocrx_word'/>
</head>
<body>
  <div class='ocr_page' id='page_1' title='image "./proroscioamerino00ciceuoft/proroscioamerino00ciceuoft_0031.png"; bbox 0 0 2216 3288; ppageno 0'>
   <div class='ocr_carea' id='block_1_1' title="bbox 699 353 1863 417">
    <p class='ocr_par' dir='ltr' id='par_1_1' title="bbox 699 353 1863 417">
     <span class='ocr_line' id='line_1_1' title="bbox 699 353 1863 417; baseline 0 -17"><span class='ocrx_word' id='word_1_1' title='bbox 699 353 844 402; x_wconf 80' lang='lat' dir='ltr'>CAP.</span> <span class='ocrx_word' id='word_1_2' title='bbox 899 353 1147 404; x_wconf 84' lang='lat' dir='ltr'>IX—XI.</span> <span class='ocrx_word' id='word_1_3' title='bbox 1223 355 1483 417; x_wconf 76' lang='lat'>§25—30</span> <span class='ocrx_word' id='word_1_4' title='bbox 1809 354 1863 400; x_wconf 95' lang='lat' dir='ltr'>ll</span> 
     </span>
    </p>
   </div>
   <div class='ocr_carea' id='block_1_2' title="bbox 311 469 1979 2196">
    <p class='ocr_par' dir='ltr' id='par_1_2' title="bbox 311 469 1979 1944">
     <span class='ocr_line' id='line_1_2' title="bbox 411 469 1975 536; baseline 0.001 -17"><span class='ocrx_word' id='word_1_5' title='bbox 411 471 550 519; x_wconf 88' lang='lat' dir='ltr'>Nam</span> <span class='ocrx_word' id='word_1_6' title='bbox 577 475 861 536; x_wconf 82' lang='lat' dir='ltr'>postquam</span> <span class='ocrx_word' id='word_1_7' title='bbox 878 472 965 520; x_wconf 89' lang='lat' dir='ltr'>isti</span> <span class='ocrx_word' id='word_1_8' title='bbox 990 471 1357 522; x_wconf 83' lang='lat' dir='ltr'>intellexerunt</span> <span class='ocrx_word' id='word_1_9' title='bbox 1375 487 1581 520; x_wconf 91' lang='lat' dir='ltr'>summa</span> <span class='ocrx_word' id='word_1_10' title='bbox 1606 469 1873 534; x_wconf 79' lang='lat' dir='ltr'>diligentia</span> <span class='ocrx_word' id='word_1_11' title='bbox 1907 470 1975 520; x_wconf 79' lang='lat'>28</span> 
     </span>
     <span class='ocr_line' id='line_1_3' title="bbox 311 539 1870 620; baseline -0.001 -19"><span class='ocrx_word' id='word_1_12' title='bbox 311 552 479 601; x_wconf 84' lang='lat' dir='ltr'>vitam</span> <span class='ocrx_word' id='word_1_13' title='bbox 515 553 630 603; x_wconf 86' lang='lat' dir='ltr'>Sex.</span> <span class='ocrx_word' id='word_1_14' title='bbox 670 555 825 604; x_wconf 88' lang='lat' dir='ltr'>Rosci</span> <span class='ocrx_word' id='word_1_15' title='bbox 867 555 1116 604; x_wconf 88' lang='lat' dir='ltr'>custodiri</span> <span class='ocrx_word' id='word_1_16' title='bbox 1159 539 1327 620; x_wconf 88' lang='lat' dir='ltr'>neque</span> <span class='ocrx_word' id='word_1_17' title='bbox 1361 554 1460 604; x_wconf 89' lang='lat' dir='ltr'>sibi</span> <span class='ocrx_word' id='word_1_18' title='bbox 1503 554 1663 602; x_wconf 89' lang='lat' dir='ltr'>ullam</span> <span class='ocrx_word' id='word_1_19' title='bbox 1698 552 1870 602; x_wconf 90' lang='lat' dir='ltr'>caedis</span> 
     </span>
     <span class='ocr_line' id='line_1_4' title="bbox 313 634 1873 702; baseline 0 -19"><span class='ocrx_word' id='word_1_20' title='bbox 313 634 579 685; x_wconf 81' lang='lat' dir='ltr'>faciendae</span> <span class='ocrx_word' id='word_1_21' title='bbox 604 642 924 701; x_wconf 88' lang='lat' dir='ltr'>potestatem</span> <span class='ocrx_word' id='word_1_22' title='bbox 941 638 1067 696; x_wconf 90' lang='lat' dir='ltr'>dari,</span> <span class='ocrx_word' id='word_1_23' title='bbox 1098 637 1368 687; x_wconf 79' lang='lat' dir='ltr'>consilium</span> <span class='ocrx_word' id='word_1_24' title='bbox 1386 641 1633 702; x_wconf 89' lang='lat' dir='ltr'>ceperunt</span> <span class='ocrx_word' id='word_1_25' title='bbox 1660 636 1873 700; x_wconf 89' lang='lat' dir='ltr'>plenum</span> 
     </span>
     <span class='ocr_line' id='line_1_5' title="bbox 311 718 1870 784; baseline -0.001 -17"><span class='ocrx_word' id='word_1_26' title='bbox 311 718 513 768; x_wconf 88' lang='lat' dir='ltr'>sceleris</span> <span class='ocrx_word' id='word_1_27' title='bbox 536 724 588 769; x_wconf 94' lang='lat' dir='ltr'>et</span> <span class='ocrx_word' id='word_1_28' title='bbox 612 720 874 779; x_wconf 88' lang='lat' dir='ltr'>audaciae,</span> <span class='ocrx_word' id='word_1_29' title='bbox 911 725 971 768; x_wconf 94' lang='lat' dir='ltr'>ut</span> <span class='ocrx_word' id='word_1_30' title='bbox 995 737 1184 770; x_wconf 91' lang='lat' dir='ltr'>nomen</span> <span class='ocrx_word' id='word_1_31' title='bbox 1217 720 1370 769; x_wconf 92' lang='lat' dir='ltr'>huius</span> <span class='ocrx_word' id='word_1_32' title='bbox 1392 720 1455 770; x_wconf 91' lang='lat' dir='ltr'>de</span> <span class='ocrx_word' id='word_1_33' title='bbox 1486 719 1761 784; x_wconf 89' lang='lat' dir='ltr'>parricidio</span> <span class='ocrx_word' id='word_1_34' title='bbox 1784 718 1870 767; x_wconf 91' lang='lat' dir='ltr'>de-</span> 
     </span>
     <span class='ocr_line' id='line_1_6' title="bbox 312 801 1872 868; baseline -0.001 -19"><span class='ocrx_word' id='word_1_35' title='bbox 312 801 517 860; x_wconf 83' lang='lat' dir='ltr'>ferrent,</span> <span class='ocrx_word' id='word_1_36' title='bbox 544 808 604 851; x_wconf 91' lang='lat' dir='ltr'>ut</span> <span class='ocrx_word' id='word_1_37' title='bbox 629 803 696 852; x_wconf 91' lang='lat' dir='ltr'>ad</span> <span class='ocrx_word' id='word_1_38' title='bbox 729 820 843 852; x_wconf 90' lang='lat' dir='ltr'>eam</span> <span class='ocrx_word' id='word_1_39' title='bbox 867 820 974 852; x_wconf 91' lang='lat' dir='ltr'>rem</span> <span class='ocrx_word' id='word_1_40' title='bbox 1007 805 1234 868; x_wconf 88' lang='lat' dir='ltr'>aliquem</span> <span class='ocrx_word' id='word_1_41' title='bbox 1257 807 1609 853; x_wconf 81' lang='lat' dir='ltr'>accusatorem</span> <span class='ocrx_word' id='word_1_42' title='bbox 1641 806 1872 852; x_wconf 88' lang='lat' dir='ltr'>veterem</span> 
     </span>
     <span class='ocr_line' id='line_1_7' title="bbox 313 883 1871 951; baseline 0 -19"><span class='ocrx_word' id='word_1_43' title='bbox 313 891 690 949; x_wconf 81' lang='lat' dir='ltr'>compararent,</span> <span class='ocrx_word' id='word_1_44' title='bbox 735 886 826 951; x_wconf 88' lang='lat' dir='ltr'>qui</span> <span class='ocrx_word' id='word_1_45' title='bbox 860 887 925 936; x_wconf 90' lang='lat' dir='ltr'>de</span> <span class='ocrx_word' id='word_1_46' title='bbox 959 903 1020 935; x_wconf 91' lang='lat' dir='ltr'>ea</span> <span class='ocrx_word' id='word_1_47' title='bbox 1053 903 1107 935; x_wconf 91' lang='lat' dir='ltr'>re</span> <span class='ocrx_word' id='word_1_48' title='bbox 1149 891 1323 951; x_wconf 87' lang='lat' dir='ltr'>posset</span> <span class='ocrx_word' id='word_1_49' title='bbox 1358 886 1526 935; x_wconf 88' lang='lat' dir='ltr'>dicere</span> <span class='ocrx_word' id='word_1_50' title='bbox 1570 883 1781 949; x_wconf 88' lang='lat' dir='ltr'>aliquid,</span> <span class='ocrx_word' id='word_1_51' title='bbox 1818 883 1871 932; x_wconf 88' lang='lat' dir='ltr'>in</span> 
     </span>
     <span class='ocr_line' id='line_1_8' title="bbox 312 967 1868 1034; baseline -0.001 -18"><span class='ocrx_word' id='word_1_52' title='bbox 312 984 418 1032; x_wconf 91' lang='lat' dir='ltr'>qua</span> <span class='ocrx_word' id='word_1_53' title='bbox 447 985 501 1017; x_wconf 89' lang='lat' dir='ltr'>re</span> <span class='ocrx_word' id='word_1_54' title='bbox 531 969 673 1018; x_wconf 91' lang='lat' dir='ltr'>nulla</span> <span class='ocrx_word' id='word_1_55' title='bbox 711 970 943 1019; x_wconf 79' lang='lat' dir='ltr'>subesset</span> <span class='ocrx_word' id='word_1_56' title='bbox 983 969 1219 1034; x_wconf 90' lang='lat' dir='ltr'>suspicio,</span> <span class='ocrx_word' id='word_1_57' title='bbox 1254 968 1476 1033; x_wconf 88' lang='lat' dir='ltr'>denique</span> <span class='ocrx_word' id='word_1_58' title='bbox 1514 974 1589 1026; x_wconf 92' lang='lat' dir='ltr'>ut,</span> <span class='ocrx_word' id='word_1_59' title='bbox 1622 967 1868 1032; x_wconf 88' lang='lat' dir='ltr'>quoniam</span> 
     </span>
     <span class='ocr_line' id='line_1_9' title="bbox 313 1050 1874 1116; baseline 0.001 -19"><span class='ocrx_word' id='word_1_60' title='bbox 313 1050 525 1099; x_wconf 89' lang='lat' dir='ltr'>crimine</span> <span class='ocrx_word' id='word_1_61' title='bbox 561 1068 666 1100; x_wconf 88' lang='lat' dir='ltr'>non</span> <span class='ocrx_word' id='word_1_62' title='bbox 695 1057 953 1116; x_wconf 83' lang='lat' dir='ltr'>poterant,</span> <span class='ocrx_word' id='word_1_63' title='bbox 995 1058 1229 1116; x_wconf 91' lang='lat' dir='ltr'>tempore</span> <span class='ocrx_word' id='word_1_64' title='bbox 1256 1052 1368 1116; x_wconf 89' lang='lat' dir='ltr'>ipso</span> <span class='ocrx_word' id='word_1_65' title='bbox 1406 1056 1712 1115; x_wconf 82' lang='lat' dir='ltr'>pugnarent.</span> <span class='ocrx_word' id='word_1_66' title='bbox 1789 1051 1874 1098; x_wconf 89' lang='lat' dir='ltr'>Ita</span> 
     </span>
     <span class='ocr_line' id='line_1_10' title="bbox 311 1133 1865 1199; baseline 0 -18"><span class='ocrx_word' id='word_1_67' title='bbox 311 1133 454 1198; x_wconf 85' lang='lat' dir='ltr'>loqui</span> <span class='ocrx_word' id='word_1_68' title='bbox 473 1134 720 1183; x_wconf 88' lang='lat' dir='ltr'>homines:</span> <span class='ocrx_word' id='word_1_69' title='bbox 755 1135 914 1199; x_wconf 92' lang='lat' dir='ltr'>‘quod</span> <span class='ocrx_word' id='word_1_70' title='bbox 932 1135 1122 1184; x_wconf 90' lang='lat' dir='ltr'>iudicia</span> <span class='ocrx_word' id='word_1_71' title='bbox 1149 1140 1262 1184; x_wconf 90' lang='lat' dir='ltr'>tam</span> <span class='ocrx_word' id='word_1_72' title='bbox 1282 1134 1372 1184; x_wconf 89' lang='lat' dir='ltr'>diu</span> <span class='ocrx_word' id='word_1_73' title='bbox 1392 1134 1533 1183; x_wconf 82' lang='lat' dir='ltr'>facta</span> <span class='ocrx_word' id='word_1_74' title='bbox 1560 1150 1665 1183; x_wconf 88' lang='lat' dir='ltr'>non</span> <span class='ocrx_word' id='word_1_75' title='bbox 1685 1138 1865 1191; x_wconf 82' lang='lat' dir='ltr'>essent,</span> 
     </span>
     <span class='ocr_line' id='line_1_11' title="bbox 313 1215 1872 1283; baseline -0.001 -19"><span class='ocrx_word' id='word_1_76' title='bbox 313 1217 646 1266; x_wconf 90' lang='lat' dir='ltr'>condemnari</span> <span class='ocrx_word' id='word_1_77' title='bbox 695 1234 813 1266; x_wconf 90' lang='lat' dir='ltr'>eum</span> <span class='ocrx_word' id='word_1_78' title='bbox 853 1222 1104 1282; x_wconf 87' lang='lat' dir='ltr'>oportere,</span> <span class='ocrx_word' id='word_1_79' title='bbox 1148 1218 1238 1283; x_wconf 88' lang='lat' dir='ltr'>qui</span> <span class='ocrx_word' id='word_1_80' title='bbox 1287 1218 1483 1282; x_wconf 87' lang='lat' dir='ltr'>primus</span> <span class='ocrx_word' id='word_1_81' title='bbox 1522 1217 1575 1265; x_wconf 89' lang='lat' dir='ltr'>in</span> <span class='ocrx_word' id='word_1_82' title='bbox 1622 1215 1872 1265; x_wconf 88' lang='lat' dir='ltr'>iudicium</span> 
     </span>
     <span class='ocr_line' id='line_1_12' title="bbox 312 1299 1872 1366; baseline 0 -19"><span class='ocrx_word' id='word_1_83' title='bbox 312 1299 572 1349; x_wconf 89' lang='lat' dir='ltr'>adductus</span> <span class='ocrx_word' id='word_1_84' title='bbox 610 1306 741 1349; x_wconf 86' lang='lat' dir='ltr'>esset</span> <span class='ocrx_word' id='word_1_85' title='bbox 768 1317 777 1358; x_wconf 87' lang='lat'>;</span> <span class='ocrx_word' id='word_1_86' title='bbox 826 1301 944 1350; x_wconf 87' lang='lat' dir='ltr'>huic</span> <span class='ocrx_word' id='word_1_87' title='bbox 983 1307 1161 1350; x_wconf 88' lang='lat' dir='ltr'>autem</span> <span class='ocrx_word' id='word_1_88' title='bbox 1189 1306 1438 1366; x_wconf 86' lang='lat' dir='ltr'>patronos</span> <span class='ocrx_word' id='word_1_89' title='bbox 1474 1305 1687 1364; x_wconf 90' lang='lat' dir='ltr'>propter</span> <span class='ocrx_word' id='word_1_90' title='bbox 1715 1300 1872 1362; x_wconf 87' lang='lat' dir='ltr'>Chry-</span> 
     </span>
     <span class='ocr_line' id='line_1_13' title="bbox 312 1381 1875 1447; baseline -0.001 -17"><span class='ocrx_word' id='word_1_91' title='bbox 312 1383 490 1446; x_wconf 87' lang='lat' dir='ltr'>sogoni</span> <span class='ocrx_word' id='word_1_92' title='bbox 513 1383 735 1447; x_wconf 81' lang='lat' dir='ltr'>gratiam</span> <span class='ocrx_word' id='word_1_93' title='bbox 767 1385 1040 1433; x_wconf 80' lang='lat' dir='ltr'>defuturos</span> <span class='ocrx_word' id='word_1_94' title='bbox 1062 1401 1072 1442; x_wconf 84' lang='lat'>;</span> <span class='ocrx_word' id='word_1_95' title='bbox 1124 1385 1189 1434; x_wconf 88' lang='lat' dir='ltr'>de</span> <span class='ocrx_word' id='word_1_96' title='bbox 1209 1387 1467 1435; x_wconf 89' lang='lat' dir='ltr'>bonorum</span> <span class='ocrx_word' id='word_1_97' title='bbox 1498 1381 1799 1432; x_wconf 83' lang='lat' dir='ltr'>venditione</span> <span class='ocrx_word' id='word_1_98' title='bbox 1823 1386 1875 1430; x_wconf 86' lang='lat' dir='ltr'>et</span> 
     </span>
     <span class='ocr_line' id='line_1_14' title="bbox 312 1465 1873 1525; baseline -0.001 -11"><span class='ocrx_word' id='word_1_99' title='bbox 312 1465 378 1514; x_wconf 91' lang='lat' dir='ltr'>de</span> <span class='ocrx_word' id='word_1_100' title='bbox 425 1465 529 1515; x_wconf 90' lang='lat' dir='ltr'>ista</span> <span class='ocrx_word' id='word_1_101' title='bbox 566 1467 818 1516; x_wconf 90' lang='lat' dir='ltr'>societate</span> <span class='ocrx_word' id='word_1_102' title='bbox 864 1469 1083 1516; x_wconf 75' lang='lat' dir='ltr'>verbum</span> <span class='ocrx_word' id='word_1_103' title='bbox 1123 1483 1233 1517; x_wconf 87' lang='lat' dir='ltr'>esse</span> <span class='ocrx_word' id='word_1_104' title='bbox 1280 1467 1542 1516; x_wconf 75' lang='lat' dir='ltr'>facturum</span> <span class='ocrx_word' id='word_1_105' title='bbox 1580 1466 1873 1525; x_wconf 86' lang='lat' dir='ltr'>neminem;</span> 
     </span>
     <span class='ocr_line' id='line_1_15' title="bbox 314 1547 1876 1614; baseline 0.001 -19"><span class='ocrx_word' id='word_1_106' title='bbox 314 1547 427 1612; x_wconf 91' lang='lat' dir='ltr'>ipso</span> <span class='ocrx_word' id='word_1_107' title='bbox 457 1551 664 1599; x_wconf 88' lang='lat' dir='ltr'>nomine</span> <span class='ocrx_word' id='word_1_108' title='bbox 702 1550 962 1614; x_wconf 90' lang='lat' dir='ltr'>parricidii</span> <span class='ocrx_word' id='word_1_109' title='bbox 993 1555 1046 1599; x_wconf 90' lang='lat' dir='ltr'>et</span> <span class='ocrx_word' id='word_1_110' title='bbox 1076 1550 1354 1600; x_wconf 85' lang='lat' dir='ltr'>atrocitate</span> <span class='ocrx_word' id='word_1_111' title='bbox 1394 1550 1621 1599; x_wconf 89' lang='lat' dir='ltr'>criminis</span> <span class='ocrx_word' id='word_1_112' title='bbox 1651 1549 1774 1606; x_wconf 80' lang='lat' dir='ltr'>fore,</span> <span class='ocrx_word' id='word_1_113' title='bbox 1816 1552 1876 1596; x_wconf 91' lang='lat' dir='ltr'>ut</span> 
     </span>
     <span class='ocr_line' id='line_1_16' title="bbox 315 1631 1877 1697; baseline 0 -18"><span class='ocrx_word' id='word_1_114' title='bbox 315 1631 398 1680; x_wconf 93' lang='lat' dir='ltr'>hic</span> <span class='ocrx_word' id='word_1_115' title='bbox 432 1633 574 1682; x_wconf 90' lang='lat' dir='ltr'>nullo</span> <span class='ocrx_word' id='word_1_116' title='bbox 618 1633 827 1697; x_wconf 89' lang='lat' dir='ltr'>negotio</span> <span class='ocrx_word' id='word_1_117' title='bbox 862 1634 1143 1691; x_wconf 89' lang='lat' dir='ltr'>tolleretur,</span> <span class='ocrx_word' id='word_1_118' title='bbox 1192 1641 1311 1682; x_wconf 80' lang='lat' dir='ltr'>cum&#39;</span> <span class='ocrx_word' id='word_1_119' title='bbox 1347 1634 1413 1682; x_wconf 88' lang='lat' dir='ltr'>ab</span> <span class='ocrx_word' id='word_1_120' title='bbox 1450 1633 1592 1682; x_wconf 90' lang='lat' dir='ltr'>nullo</span> <span class='ocrx_word' id='word_1_121' title='bbox 1635 1632 1877 1682; x_wconf 79' lang='lat' dir='ltr'>defensus</span> 
     </span>
     <span class='ocr_line' id='line_1_17' title="bbox 315 1714 1979 1781; baseline 0.001 -18"><span class='ocrx_word' id='word_1_122' title='bbox 315 1716 482 1764; x_wconf 90' lang='lat' dir='ltr'>esset.’</span> <span class='ocrx_word' id='word_1_123' title='bbox 522 1715 636 1765; x_wconf 91' lang='lat' dir='ltr'>Hoc</span> <span class='ocrx_word' id='word_1_124' title='bbox 673 1716 884 1768; x_wconf 85' lang='lat' dir='ltr'>consilio</span> <span class='ocrx_word' id='word_1_125' title='bbox 911 1720 1071 1781; x_wconf 90' lang='lat' dir='ltr'>atque</span> <span class='ocrx_word' id='word_1_126' title='bbox 1098 1718 1228 1765; x_wconf 89' lang='lat' dir='ltr'>adeo</span> <span class='ocrx_word' id='word_1_127' title='bbox 1252 1718 1352 1766; x_wconf 90' lang='lat' dir='ltr'>hac</span> <span class='ocrx_word' id='word_1_128' title='bbox 1387 1716 1616 1764; x_wconf 88' lang='lat' dir='ltr'>amentia</span> <span class='ocrx_word' id='word_1_129' title='bbox 1650 1714 1873 1778; x_wconf 88' lang='lat' dir='ltr'>impulsi,</span> <span class='ocrx_word' id='word_1_130' title='bbox 1913 1714 1979 1775; x_wconf 71' lang='lat'>29</span> 
     </span>
     <span class='ocr_line' id='line_1_18' title="bbox 313 1799 1877 1864; baseline 0 -18"><span class='ocrx_word' id='word_1_131' title='bbox 313 1814 472 1862; x_wconf 90' lang='lat' dir='ltr'>quem</span> <span class='ocrx_word' id='word_1_132' title='bbox 487 1799 600 1863; x_wconf 89' lang='lat' dir='ltr'>ipsi,</span> <span class='ocrx_word' id='word_1_133' title='bbox 630 1815 749 1848; x_wconf 91' lang='lat' dir='ltr'>cum</span> <span class='ocrx_word' id='word_1_134' title='bbox 767 1804 1029 1864; x_wconf 91' lang='lat' dir='ltr'>cuperent,</span> <span class='ocrx_word' id='word_1_135' title='bbox 1062 1816 1166 1849; x_wconf 91' lang='lat' dir='ltr'>non</span> <span class='ocrx_word' id='word_1_136' title='bbox 1183 1804 1468 1864; x_wconf 89' lang='lat' dir='ltr'>potuerunt</span> <span class='ocrx_word' id='word_1_137' title='bbox 1495 1799 1739 1855; x_wconf 89' lang='lat' dir='ltr'>occidere,</span> <span class='ocrx_word' id='word_1_138' title='bbox 1759 1814 1877 1847; x_wconf 91' lang='lat' dir='ltr'>eum</span> 
     </span>
     <span class='ocr_line' id='line_1_19' title="bbox 313 1879 1460 1944; baseline 0.004 -16"><span class='ocrx_word' id='word_1_139' title='bbox 313 1879 654 1944; x_wconf 89' lang='lat' dir='ltr'>iugulandum</span> <span class='ocrx_word' id='word_1_140' title='bbox 683 1883 834 1932; x_wconf 79' lang='lat' dir='ltr'>vobis</span> <span class='ocrx_word' id='word_1_141' title='bbox 862 1883 1204 1932; x_wconf 85' lang='lat' dir='ltr'>tradiderunt.</span> <span class='ocrx_word' id='word_1_142' title='bbox 1456 1892 1460 1896; x_wconf 77' lang='grc'><strong><em>’</em></strong></span> 
     </span>
    </p>

    <p class='ocr_par' dir='ltr' id='par_1_3' title="bbox 315 1963 1887 2196">
     <span class='ocr_line' id='line_1_20' title="bbox 416 1963 1874 2031; baseline -0.001 -18"><span class='ocrx_word' id='word_1_143' title='bbox 416 1965 512 2013; x_wconf 80' lang='lat' dir='ltr'>XI.</span> <span class='ocrx_word' id='word_1_144' title='bbox 552 1964 690 2028; x_wconf 75' lang='lat' dir='ltr'>Quid</span> <span class='ocrx_word' id='word_1_145' title='bbox 734 1966 959 2030; x_wconf 88' lang='lat' dir='ltr'>primum</span> <span class='ocrx_word' id='word_1_146' title='bbox 1002 1982 1190 2031; x_wconf 89' lang='lat' dir='ltr'>querar</span> <span class='ocrx_word' id='word_1_147' title='bbox 1224 1971 1316 2015; x_wconf 88' lang='lat' dir='ltr'>aut</span> <span class='ocrx_word' id='word_1_148' title='bbox 1350 1965 1488 2014; x_wconf 92' lang='lat' dir='ltr'>unde</span> <span class='ocrx_word' id='word_1_149' title='bbox 1531 1963 1874 2029; x_wconf 86' lang='lat' dir='ltr'>potissimum,</span> 
     </span>
     <span class='ocr_line' id='line_1_21' title="bbox 315 2042 1873 2113; baseline 0 -18"><span class='ocrx_word' id='word_1_150' title='bbox 315 2046 524 2106; x_wconf 87' lang='lat' dir='ltr'>iudices,</span> <span class='ocrx_word' id='word_1_151' title='bbox 546 2048 717 2097; x_wconf 89' lang='lat' dir='ltr'>ordiar</span> <span class='ocrx_word' id='word_1_152' title='bbox 735 2053 826 2097; x_wconf 91' lang='lat' dir='ltr'>aut</span> <span class='ocrx_word' id='word_1_153' title='bbox 845 2050 987 2112; x_wconf 88' lang='lat' dir='ltr'>quod</span> <span class='ocrx_word' id='word_1_154' title='bbox 1014 2053 1107 2097; x_wconf 89' lang='lat' dir='ltr'>aut</span> <span class='ocrx_word' id='word_1_155' title='bbox 1125 2066 1156 2098; x_wconf 91' lang='lat' dir='ltr'>a</span> <span class='ocrx_word' id='word_1_156' title='bbox 1174 2042 1365 2113; x_wconf 85' lang='lat' dir='ltr'>quibus</span> <span class='ocrx_word' id='word_1_157' title='bbox 1393 2048 1644 2096; x_wconf 82' lang='lat' dir='ltr'>auxilium</span> <span class='ocrx_word' id='word_1_158' title='bbox 1661 2047 1873 2111; x_wconf 84' lang='lat' dir='ltr'>petam?</span> 
     </span>
     <span class='ocr_line' id='line_1_22' title="bbox 317 2130 1887 2196; baseline -0.001 -18"><span class='ocrx_word' id='word_1_159' title='bbox 317 2130 599 2180; x_wconf 83' lang='lat' dir='ltr'>deorumne</span> <span class='ocrx_word' id='word_1_160' title='bbox 624 2131 1012 2190; x_wconf 89' lang='lat' dir='ltr'>immortalium,</span> <span class='ocrx_word' id='word_1_161' title='bbox 1042 2132 1287 2196; x_wconf 90' lang='lat' dir='ltr'>populine</span> <span class='ocrx_word' id='word_1_162' title='bbox 1306 2131 1545 2188; x_wconf 84' lang='lat' dir='ltr'>Romani,</span> <span class='ocrx_word' id='word_1_163' title='bbox 1574 2137 1887 2187; x_wconf 78' lang='lat' dir='ltr'>vestramne,</span> 
     </span>
    </p>
   </div>
   <div class='ocr_carea' id='block_1_3' title="bbox 242 2214 1878 2279">
    <p class='ocr_par' dir='ltr' id='par_1_4' title="bbox 242 2214 1878 2279">
     <span class='ocr_line' id='line_1_23' title="bbox 242 2214 1878 2279; baseline -0.001 -17"><span class='ocrx_word' id='word_1_164' title='bbox 242 2250 246 2251; x_wconf 15' lang='grc' dir='ltr'><em>γ</em></span> <span class='ocrx_word' id='word_1_165' title='bbox 316 2214 406 2277; x_wconf 89' lang='lat' dir='ltr'>qui</span> <span class='ocrx_word' id='word_1_166' title='bbox 433 2229 692 2263; x_wconf 83' lang='lat' dir='ltr'>summam</span> <span class='ocrx_word' id='word_1_167' title='bbox 729 2219 1047 2279; x_wconf 89' lang='lat' dir='ltr'>potestatem</span> <span class='ocrx_word' id='word_1_168' title='bbox 1072 2215 1278 2264; x_wconf 88' lang='lat' dir='ltr'>habetis</span> <span class='ocrx_word' id='word_1_169' title='bbox 1311 2216 1408 2263; x_wconf 91' lang='lat' dir='ltr'>hoc</span> <span class='ocrx_word' id='word_1_170' title='bbox 1435 2219 1682 2278; x_wconf 91' lang='lat' dir='ltr'>tempore,</span> <span class='ocrx_word' id='word_1_171' title='bbox 1723 2214 1878 2262; x_wconf 90' lang='lat' dir='ltr'>fidem</span> 
     </span>
    </p>
   </div>
   <div class='ocr_carea' id='block_1_4' title="bbox 315 2295 1981 3024">
    <p class='ocr_par' dir='ltr' id='par_1_5' title="bbox 315 2295 1981 2941">
     <span class='ocr_line' id='line_1_24' title="bbox 317 2295 1981 2360; baseline 0.001 -16"><span class='ocrx_word' id='word_1_172' title='bbox 317 2295 629 2360; x_wconf 79' lang='lat' dir='ltr'>implorem?</span> <span class='ocrx_word' id='word_1_173' title='bbox 679 2299 836 2346; x_wconf 88' lang='lat' dir='ltr'>Pater</span> <span class='ocrx_word' id='word_1_174' title='bbox 865 2297 1062 2347; x_wconf 89' lang='lat' dir='ltr'>occisus</span> <span class='ocrx_word' id='word_1_175' title='bbox 1103 2297 1311 2354; x_wconf 83' lang='lat' dir='ltr'>nefarie,</span> <span class='ocrx_word' id='word_1_176' title='bbox 1346 2298 1532 2346; x_wconf 91' lang='lat' dir='ltr'>domus</span> <span class='ocrx_word' id='word_1_177' title='bbox 1563 2298 1771 2346; x_wconf 86' lang='lat' dir='ltr'>obsessa</span> <span class='ocrx_word' id='word_1_178' title='bbox 1811 2296 1877 2345; x_wconf 92' lang='lat' dir='ltr'>ab</span> <span class='ocrx_word' id='word_1_179' title='bbox 1915 2296 1981 2346; x_wconf 79' lang='lat'>30</span> 
     </span>
     <span class='ocr_line' id='line_1_25' title="bbox 317 2379 1880 2445; baseline 0 -18"><span class='ocrx_word' id='word_1_180' title='bbox 317 2379 553 2437; x_wconf 87' lang='lat' dir='ltr'>inimicis,</span> <span class='ocrx_word' id='word_1_181' title='bbox 600 2381 739 2428; x_wconf 90' lang='lat' dir='ltr'>bona</span> <span class='ocrx_word' id='word_1_182' title='bbox 775 2381 1038 2444; x_wconf 87' lang='lat' dir='ltr'>adempta,</span> <span class='ocrx_word' id='word_1_183' title='bbox 1085 2396 1333 2445; x_wconf 85' lang='lat' dir='ltr'>possessa,</span> <span class='ocrx_word' id='word_1_184' title='bbox 1373 2380 1591 2444; x_wconf 88' lang='lat' dir='ltr'>direpta,</span> <span class='ocrx_word' id='word_1_185' title='bbox 1641 2380 1731 2429; x_wconf 90' lang='lat' dir='ltr'>filii</span> <span class='ocrx_word' id='word_1_186' title='bbox 1766 2379 1880 2427; x_wconf 79' lang='lat' dir='ltr'>vita</span> 
     </span>
     <span class='ocr_line' id='line_1_26' title="bbox 317 2462 1929 2527; baseline -0.001 -17"><span class='ocrx_word' id='word_1_187' title='bbox 317 2462 520 2521; x_wconf 85' lang='lat' dir='ltr'>infesta,</span> <span class='ocrx_word' id='word_1_188' title='bbox 551 2479 703 2527; x_wconf 89' lang='lat' dir='ltr'>saepe</span> <span class='ocrx_word' id='word_1_189' title='bbox 738 2464 869 2512; x_wconf 74' lang='lat' dir='ltr'>ferro</span> <span class='ocrx_word' id='word_1_190' title='bbox 896 2469 1056 2527; x_wconf 85' lang='lat' dir='ltr'>atque</span> <span class='ocrx_word' id='word_1_191' title='bbox 1091 2464 1290 2512; x_wconf 81' lang='lat' dir='ltr'>insidiis</span> <span class='ocrx_word' id='word_1_192' title='bbox 1315 2463 1566 2527; x_wconf 90' lang='lat' dir='ltr'>adpetita.</span> <span class='ocrx_word' id='word_1_193' title='bbox 1649 2462 1787 2526; x_wconf 70' lang='lat' dir='ltr'>Quid</span> <span class='ocrx_word' id='word_1_194' title='bbox 1812 2462 1878 2510; x_wconf 92' lang='lat' dir='ltr'>ab</span> <span class='ocrx_word' id='word_1_195' title='bbox 1923 2479 1929 2484; x_wconf 91' lang='lat'><strong>·</strong></span> 
     </span>
     <span class='ocr_line' id='line_1_27' title="bbox 317 2546 1879 2596; baseline -0.001 -3"><span class='ocrx_word' id='word_1_196' title='bbox 317 2546 397 2593; x_wconf 90' lang='lat' dir='ltr'>his</span> <span class='ocrx_word' id='word_1_197' title='bbox 446 2552 525 2594; x_wconf 89' lang='lat' dir='ltr'>tot</span> <span class='ocrx_word' id='word_1_198' title='bbox 576 2547 840 2595; x_wconf 87' lang='lat' dir='ltr'>maleficiis</span> <span class='ocrx_word' id='word_1_199' title='bbox 897 2547 1097 2596; x_wconf 86' lang='lat' dir='ltr'>sceleris</span> <span class='ocrx_word' id='word_1_200' title='bbox 1146 2548 1323 2596; x_wconf 88' lang='lat' dir='ltr'>abesse</span> <span class='ocrx_word' id='word_1_201' title='bbox 1383 2546 1634 2595; x_wconf 82' lang='lat' dir='ltr'>videtur?</span> <span class='ocrx_word' id='word_1_202' title='bbox 1683 2546 1879 2594; x_wconf 89' lang='lat' dir='ltr'>Tamen</span> 
     </span>
     <span class='ocr_line' id='line_1_28' title="bbox 316 2626 1880 2693; baseline -0.001 -16"><span class='ocrx_word' id='word_1_203' title='bbox 316 2626 442 2678; x_wconf 72' lang='lat' dir='ltr'>h‘aec</span> <span class='ocrx_word' id='word_1_204' title='bbox 475 2630 586 2678; x_wconf 80' lang='lat' dir='ltr'>aliis</span> <span class='ocrx_word' id='word_1_205' title='bbox 627 2629 834 2677; x_wconf 84' lang='lat' dir='ltr'>nefariis</span> <span class='ocrx_word' id='word_1_206' title='bbox 874 2630 1143 2678; x_wconf 89' lang='lat' dir='ltr'>cumulant</span> <span class='ocrx_word' id='word_1_207' title='bbox 1176 2635 1335 2693; x_wconf 86' lang='lat' dir='ltr'>atquc</span> <span class='ocrx_word' id='word_1_208' title='bbox 1375 2629 1653 2693; x_wconf 88' lang='lat' dir='ltr'>adaugent,</span> <span class='ocrx_word' id='word_1_209' title='bbox 1688 2628 1880 2677; x_wconf 87' lang='lat' dir='ltr'>crimen</span> 
     </span>
     <span class='ocr_line' id='line_1_29' title="bbox 315 2711 1880 2775; baseline -0.001 -16"><span class='ocrx_word' id='word_1_210' title='bbox 315 2711 613 2762; x_wconf 86' lang='lat' dir='ltr'>incredibile</span> <span class='ocrx_word' id='word_1_211' title='bbox 654 2713 971 2775; x_wconf 90' lang='lat' dir='ltr'>confingunt,</span> <span class='ocrx_word' id='word_1_212' title='bbox 1016 2717 1176 2760; x_wconf 86' lang='lat' dir='ltr'>testes</span> <span class='ocrx_word' id='word_1_213' title='bbox 1206 2713 1259 2760; x_wconf 90' lang='lat' dir='ltr'>in</span> <span class='ocrx_word' id='word_1_214' title='bbox 1290 2713 1428 2761; x_wconf 91' lang='lat' dir='ltr'>hunc</span> <span class='ocrx_word' id='word_1_215' title='bbox 1471 2718 1523 2760; x_wconf 87' lang='lat' dir='ltr'>et</span> <span class='ocrx_word' id='word_1_216' title='bbox 1556 2718 1880 2761; x_wconf 78' lang='lat' dir='ltr'>accusatores</span> 
     </span>
     <span class='ocr_line' id='line_1_30' title="bbox 317 2794 1880 2859; baseline -0.001 -16"><span class='ocrx_word' id='word_1_217' title='bbox 317 2795 529 2844; x_wconf 84' lang='lat' dir='ltr'>huiusce</span> <span class='ocrx_word' id='word_1_218' title='bbox 546 2794 766 2859; x_wconf 80' lang='lat' dir='ltr'>pecunia</span> <span class='ocrx_word' id='word_1_219' title='bbox 783 2800 1091 2859; x_wconf 88' lang='lat' dir='ltr'>comparant</span> <span class='ocrx_word' id='word_1_220' title='bbox 1115 2812 1123 2854; x_wconf 85' lang='lat'>;</span> <span class='ocrx_word' id='word_1_221' title='bbox 1171 2797 1306 2845; x_wconf 80' lang='lat' dir='ltr'>hanc</span> <span class='ocrx_word' id='word_1_222' title='bbox 1323 2794 1677 2844; x_wconf 88' lang='lat' dir='ltr'>condicionem</span> <span class='ocrx_word' id='word_1_223' title='bbox 1695 2795 1880 2843; x_wconf 90' lang='lat' dir='ltr'>misero</span> 
     </span>
     <span class='ocr_line' id='line_1_31' title="bbox 318 2877 1881 2941; baseline 0 -16"><span class='ocrx_word' id='word_1_224' title='bbox 318 2877 508 2935; x_wconf 81' lang='lat' dir='ltr'>ferunt,</span> <span class='ocrx_word' id='word_1_225' title='bbox 538 2883 596 2927; x_wconf 90' lang='lat' dir='ltr'>ut</span> <span class='ocrx_word' id='word_1_226' title='bbox 622 2882 785 2941; x_wconf 88' lang='lat' dir='ltr'>optet,</span> <span class='ocrx_word' id='word_1_227' title='bbox 812 2882 988 2926; x_wconf 89' lang='lat' dir='ltr'>utrum</span> <span class='ocrx_word' id='word_1_228' title='bbox 1024 2878 1172 2927; x_wconf 89' lang='lat' dir='ltr'>malit</span> <span class='ocrx_word' id='word_1_229' title='bbox 1196 2877 1420 2927; x_wconf 87' lang='lat' dir='ltr'>cervices</span> <span class='ocrx_word' id='word_1_230' title='bbox 1453 2878 1509 2926; x_wconf 82' lang='lat' dir='ltr'>T.</span> <span class='ocrx_word' id='word_1_231' title='bbox 1539 2877 1726 2926; x_wconf 86' lang='lat' dir='ltr'>Roscio</span> <span class='ocrx_word' id='word_1_232' title='bbox 1758 2878 1881 2926; x_wconf 86' lang='lat' dir='ltr'>dare</span> 
     </span>
    </p>

    <p class='ocr_par' dir='ltr' id='par_1_6' title="bbox 315 2959 1881 3024">
     <span class='ocr_line' id='line_1_32' title="bbox 315 2959 1881 3024; baseline -0.001 -15"><span class='ocrx_word' id='word_1_233' title='bbox 315 2976 382 3010; x_wconf 91' lang='lat' dir='ltr'>an</span> <span class='ocrx_word' id='word_1_234' title='bbox 422 2962 626 3010; x_wconf 87' lang='lat' dir='ltr'>insutus</span> <span class='ocrx_word' id='word_1_235' title='bbox 664 2961 715 3008; x_wconf 90' lang='lat' dir='ltr'>in</span> <span class='ocrx_word' id='word_1_236' title='bbox 756 2959 976 3009; x_wconf 89' lang='lat' dir='ltr'>culleum</span> <span class='ocrx_word' id='word_1_237' title='bbox 1014 2977 1106 3024; x_wconf 89' lang='lat' dir='ltr'>per</span> <span class='ocrx_word' id='word_1_238' title='bbox 1144 2976 1404 3009; x_wconf 87' lang='lat' dir='ltr'>summum</span> <span class='ocrx_word' id='word_1_239' title='bbox 1445 2961 1668 3010; x_wconf 89' lang='lat' dir='ltr'>dedecus</span> <span class='ocrx_word' id='word_1_240' title='bbox 1715 2960 1881 3009; x_wconf 81' lang='lat' dir='ltr'>vitam</span> 
     </span>
    </p>
   </div>
  </div>
 </body>
</html>
