2216 3288
662 363 807 412 cAP.
859 362 1056 419 XLIX,
1110 362 1163 411 L.
1238 365 1261 424 g
1305 362 1563 409 142——147
1819 360 1885 408 55

329 481 622 546 possedisti,
646 497 807 545 quam
825 481 998 544 ipsum
1017 479 1308 543 cognovisti
1333 479 1350 527 ?
1394 479 1437 527 si
1456 483 1644 534 metus,
1668 478 1735 526 ab
1755 493 1884 526 eone

327 564 529 629 aliquid
552 563 758 621 metuiS,
787 579 943 627 quem
968 563 1116 611 vides
1141 562 1314 626 ipsum
1340 562 1407 610 ab
1433 577 1486 609 se
1512 565 1626 608 tam
1651 564 1884 608 atrocem

326 644 572 696 iniuriam
593 647 897 711 propulsare
918 662 1023 694 non
1045 661 1195 709 posse
1219 646 1237 693 ?
1284 644 1376 701 sin,
1403 643 1548 708 quod
1567 644 1722 700 bona,
1748 658 1884 706 quae

329 730 444 779 Sex.
502 729 658 778 Rosci
710 730 938 785 fuerunt,
994 733 1088 776 tua
1133 727 1275 776 facta
1319 731 1459 783 sunt,
1507 725 1698 773 idcirco
1742 725 1882 773 hunc

327 812 466 861 illius
511 811 676 861 filium
723 812 904 860 studes
948 811 1177 875 perdere,
1228 825 1400 857 nonne
1447 807 1681 857 ostendis
1727 807 1784 856 id
1819 812 1883 856 'te

327 895 510 953 vereri,
542 894 687 959 quod
716 899 925 958 praeter
954 898 1152 942 ceteros
1182 898 1243 940 tu
1273 898 1506 940 metuere
1535 907 1642 939 non
1672 890 1879 947 debeas,

329 993 396 1027 ne
434 978 647 1041 quando
689 976 862 1026 liberis
906 975 1317 1040 proscriptorum
1361 975 1503 1023 bona
1547 973 1721 1037 patria
1768 973 1879 1022 red-

330 1060 527 1109 dantur
548 1062 567 1109 Ρ

398 1142 550 1191 Facis
605 1142 864 1198 iniuriam,
924 1142 1270 1204 Chrysogone‚
1330 1141 1373 1188 si
1429 1138 1679 1187 maiorem
1736 1154 1883 1202 spem
1917 1142 2018 1193 146

331 1224 612 1290 emptionis
630 1229 755 1274 tuae
773 1225 828 1273 in
847 1223 1003 1272 huius
1023 1222 1183 1272 exitio
1203 1221 1354 1287 ponis
1374 1238 1534 1286 quam
1554 1221 1608 1269 in
1627 1221 1689 1269 iis
1708 1222 1878 1278 rebus,
1958 1207 1963 1211 ⁹

330 1324 463 1372 quas
504 1309 559 1356 L.
607 1308 750 1357 Sulla
790 1306 962 1372 gessit.
1015 1306 1213 1370 Quodsi
1256 1305 1354 1353 tibi
1396 1319 1554 1353 causa
1597 1303 1739 1352 nulla
1782 1309 1877 1362 est,

329 1406 421 1439 cur
442 1391 580 1439 hunc
602 1390 849 1439 miserum
871 1394 1027 1438 tanta
1047 1388 1351 1437 calamitate
1373 1386 1526 1436 adfici
1548 1386 1691 1444 veliS,
1718 1386 1760 1434 si
1782 1385 1881 1435 tibi

329 1472 507 1522 omnia
527 1483 621 1521 sua
641 1478 847 1537 praeter
868 1471 1099 1521 animam
1120 1469 1340 1519 tradidit
1362 1486 1456 1519 nec
1477 1468 1576 1518 sibi
1596 1469 1880 1533 quicquam

331 1560 611 1620 paternum
640 1572 704 1604 ne
731 1554 1059 1604 monumenti
1088 1553 1300 1618 quidem
1329 1568 1488 1602 causa
1519 1552 1690 1615 [clam]
1723 1568 1880 1601 reser-

331 1637 496 1696 vavit,
522 1655 613 1703 per
635 1639 759 1687 deos
780 1638 1116 1693 immortalesl
1143 1653 1278 1700 quae
1299 1636 1402 1684 ista
1424 1640 1579 1684 tanta
1600 1634 1882 1684 crudelitas

332 1725 426 1778 est,
466 1738 600 1784 quae
636 1726 749 1769 tam
781 1721 889 1769 fera
923 1718 1272 1783 immanisque
1309 1719 1541 1767 natura?
1604 1717 1732 1781 Quis
1768 1735 1881 1766 um-

329 1819 491 1867 quam
537 1802 735 1868 praed'o
782 1802 882 1851 fuit
930 1807 1041 1851 tam
1089 1801 1334 1858 nefarius,
1384 1801 1502 1864 quis
1547 1801 1722 1865 pirata
1767 1806 1882 1850 tam

330 1886 601 1944 barbarus,
640 1891 716 1943 ut,
754 1902 874 1935 cum
907 1885 1166 1949 integram
1200 1884 1451 1949 praedam
1487 1884 1596 1932 sine
1631 1882 1884 1946 sanguine

330 1968 523 2018 habere
547 1974 738 2033 posset,
767 1973 986 2017 cruenta
1011 1967 1176 2032 spolia
1202 1967 1474 2016 detrahere
1500 1966 1680 2015 mallet
1706 1967 1723 2015 ?
1773 1959 1940 2042 Scistl
1950 1970 2019 2020 47

334 2051 473 2099 hunc
518 2051 645 2100 nihil
688 2053 896 2107 habere,
944 2051 1071 2099 nihil
1117 2050 1321 2106 audere,
1369 2049 1497 2098 nihil
1541 2065 1706 2113 posse,
1754 2048 1883 2099 nihil

332 2149 585 2197 umquam
625 2140 808 2183 contra
844 2150 951 2182 rem
990 2138 1139 2182 tuam
1177 2132 1445 2195 cogitasse,
1487 2137 1537 2181 et
1576 2137 1755 2180 tamen
1792 2149 1882 2197 op-

251 2257 260 2268 .
332 2231 536 2280 pugnas
560 2234 694 2274 eum,
721 2233 878 2280 quem
901 2233 1069 2280 neque
1092 2221 1326 2264 metuere
1348 2220 1499 2279 potes
1521 2231 1690 2277 neque
1713 2215 1883 2264 odisse

331 2297 490 2348 debes
521 2315 615 2349 nec
649 2299 931 2364 quicquam
964 2299 1069 2348 iam
1103 2299 1293 2348 habere
1326 2297 1510 2362 reliqui
1541 2296 1703 2354 vides
1740 2298 1884 2361 quod

334 2380 381 2429 ei
412 2381 684 2431 detrahere
716 2382 916 2446 possis;
969 2381 1066 2430 nisi
1099 2383 1196 2430 hoc
1228 2380 1500 2444 indignum
1532 2385 1705 2444 putaS,
1741 2381 1886 2444 quod

333 2464 588 2512 vestitum
608 2466 783 2514 sedere
801 2464 855 2512 in
872 2463 1065 2514 iudicio
1083 2463 1244 2520 vides,
1266 2479 1423 2527 quem
1442 2468 1502 2511 tu
1522 2479 1548 2512 e
1565 2450 1901 2527 patrimonio*

333 2550 609 2610 tamquam
642 2564 668 2596 e
699 2547 971 2610 naufragio
1002 2547 1202 2595 nudum
1234 2545 1494 2609 expulisti.
1569 2546 1729 2609 Quasi
1758 2562 1886 2595 vero

335 2629 537 2678 nescias
581 2631 719 2678 hunc
764 2635 815 2678 et
861 2629 927 2677 ali
973 2634 1024 2678 et
1068 2629 1248 2678 vestiri
1287 2646 1316 2677 a
1352 2628 1589 2684 Caecilia,
1629 2628 1884 2677 Balearici

335 2710 456 2769 filia,
487 2712 708 2776 Nepotis
735 2728 922 2768 sorore,
953 2711 1337 2775 spectatissima
1365 2711 1573 2767 femina,
1604 2727 1739 2774 quae
1765 2727 1885 2760 cum

336 2799 541 2856 patrem
577 2795 934 2851 clarissimum,
973 2794 1319 2858 amplissimos
1352 2799 1584 2857 patruos,
1621 2794 1886 2842 ornatissi-

341 2891 486 2925 mum
537 2877 752 2926 fratrem
804 2878 1033 2933 haberet,
1087 2882 1280 2932 tamen,
1332 2892 1451 2925 cum
1502 2881 1635 2924 esset
1684 2876 1883 2933 mulier,

338 2956 539 3007 virtute
574 2959 808 3023 perfecit,
849 2964 923 3016 ut,
963 2965 1165 3022 quanto
1203 2959 1396 3007 honore
1431 2958 1547 3022 ipsa
1582 2975 1645 3007 ex
1683 2959 1887 3007 illorum
