2216 3288
556 332 700 382 CAP.
750 333 1232 387 XXXVIII—XL.
1306 340 1329 401 ξ
1370 339 1630 387 111—117
1799 339 1865 386 43

290 465 421 514 vqua
467 449 512 499 is
561 451 779 500 tandem
827 469 998 517 poena
1049 453 1323 503 adficietur
1373 460 1467 504 aut
1517 471 1623 519 quo
1673 454 1866 503 iudicio

313 531 656 582 damnabitur
678 535 697 583 Ρ
773 534 826 584 Si
852 535 988 584 hanc
1015 536 1060 584 ei
1087 553 1195 585 rem
1222 537 1473 601 privatim
1499 538 1614 587 Sex.
1648 536 1868 586 Roscius

311 615 687 674 mandavisset,
728 622 789 666 ut
825 633 947 667 cum
983 619 1320 683 Chrysogono
1357 619 1667 684 transigeret
1705 625 1866 684 atque

312 698 590 757 decideret,
624 699 783 764 inque
816 717 932 750 eam
965 718 1074 750 rem
1106 702 1264 751 fidem
1297 719 1462 760 suam,
1499 703 1542 751 si
1573 702 1702 767 quid
1733 718 1866 767 opus

312 797 422 830 esse
474 786 705 846 putaret,
763 783 1134 849 interponeret,
1191 786 1380 849 illeque
1436 802 1545 834 sese
1599 786 1864 835 facturum

310 863 603 929 recepisset,
639 882 826 924 nonne,
862 867 905 915 si
937 884 1001 916 ex
1034 884 1094 916 eo
1126 868 1336 932 negotio
1369 869 1638 917 tantulum
1670 869 1723 916 in
1755 885 1864 917 rem

310 962 461 996 suam
502 949 863 1006 convertisset,
908 950 1192 999 damnatus
1232 968 1324 1015 per
1364 950 1621 1000 arbitrum
1663 955 1714 1001 et
1756 967 1863 1000 rem

242 1041 244 1044 ·
310 1031 609 1080 restitueret
640 1036 692 1080 et
721 1033 1054 1082 honestatem
1084 1050 1293 1090 omnem
1324 1033 1591 1083 amitteret
1618 1035 1636 1082 Ρ
1711 1035 1865 1082 Nunc

307 1128 414 1161 non
437 1115 573 1163 hanc
599 1114 644 1163 ei
669 1131 777 1164 rem
804 1116 919 1178 Sex.
951 1116 1170 1165 Roscius
1186 1115 1479 1174 mandavit,
1508 1116 1613 1175 sed,
1642 1117 1695 1166 id
1720 1117 1864 1180 quod

311 1196 482 1245 multo
509 1197 721 1262 gravius
750 1202 843 1255 est,
875 1199 985 1264 ipse
1014 1199 1130 1248 Sex.
1165 1199 1534 1269 Roscius'cum
1563 1200 1719 1257 fama,
1752 1199 1866 1248 vita

311 1278 567 1344 bonisque
601 1280 844 1330 omnibus
878 1299 908 1330 a
942 1281 1308 1332 decurionibus
1341 1284 1548 1347 publice
1581 1284 1636 1332 T.
1675 1283 1865 1332 Roscio

307 1363 593 1412 mandatus
613 1369 691 1412 est
716 1381 725 1422 ;
769 1369 820 1413 et
842 1382 904 1413 ex
926 1382 986 1413 eo
1006 1366 1062 1414 T.
1088 1365 1308 1414 Roscius
1328 1382 1434 1415 non
1452 1366 1669 1431 paulum
1691 1365 1864 1414 nescio

308 1443 438 1508 quid
459 1445 510 1494 in
535 1462 642 1495 rem
665 1463 813 1495 suam
837 1448 1114 1506 convertit,
1140 1449 1231 1497 sed
1251 1450 1391 1498 hunc
1413 1449 1653 1498 funditus
1675 1448 1865 1498 evertit

307 1527 476 1586 bonis,
505 1528 614 1593 ipse
640 1530 743 1579 tria
767 1530 981 1594 praedia
1008 1531 1106 1581 sibi
1132 1532 1383 1597 depectus
1409 1537 1503 1589 est,
1532 1534 1864 1581 voluntatem

310 1610 649 1661 decurionum
677 1629 736 1662 ac
762 1613 1087 1678 municipum
1117 1616 1352 1664 omnium
1384 1615 1645 1664 tantidem
1676 1614 1863 1679 quanti

309 1693 467 1743 fidem
503 1712 651 1744 suam
688 1695 825 1745 fecit.

376 1778 486 1827 XL.
528 1778 715 1828 Videte
740 1778 847 1828 iam
873 1797 1027 1844 porro
1054 1786 1241 1839 cetera,
1271 1781 1482 1839 iudices,
1513 1786 1571 1830 ut
1598 1781 1864 1845 intellega-

249 1869 252 1871 ’
306 1859 377 1909 tis
408 1862 722 1911 maleficium
756 1863 958 1912 nullum
991 1864 1116 1928 fingi
1146 1881 1312 1928 posse,
1349 1881 1454 1929 quo
1486 1865 1586 1914 iste
1618 1881 1726 1913 sese
1759 1880 1864 1912 non

307 1944 697 1994 contaminarit.
775 1947 837 1994 In
890 1948 1044 1995 rebus
1095 1947 1384 1996 minoribus
1437 1929 1635 1996 socium
1688 1947 1865 1996 fallere

307 2026 671 2092 turpissimum
699 2034 786 2078 est*
812 2046 1082 2094 aequeque
1115 2035 1270 2095 turpe
1295 2035 1456 2094 atque
1478 2030 1622 2088 illud,
1661 2031 1724 2079 de
1758 2046 1863 2094 quo

308 2114 433 2159 ante
469 2109 612 2172 dixi;
670 2128 839 2176 neque
874 2110 1078 2171 iniuria,
1116 2118 1396 2178 propterea
1432 2114 1576 2178 quod
1611 2113 1865 2162 auxilium

227 2250 231 2251 ⁷
307 2192 407 2242 sibi
433 2209 487 2242 se
512 2199 671 2259 putat
698 2195 1012 2254 adiunxisse,
1043 2195 1134 2260 qui
1160 2213 1279 2245 cum
1307 2197 1471 2246 altero
1498 2214 1606 2246 rem
1633 2212 1864 2245 commu-

307 2275 522 2326 nicavit.
596 2279 680 2327 Ad
717 2276 865 2328 cuius
901 2278 1061 2343 igitur
1097 2279 1255 2328 fidem
1293 2280 1575 2344 confugiet,
1615 2296 1735 2328 cum
1773 2295 1866 2343 per

310 2359 421 2408 eius
459 2361 617 2410 fidem
655 2361 897 2420 laeditur,
939 2362 1022 2411 cui
1061 2378 1115 2412 se
1154 2363 1514 2412 commiserit?
1590 2364 1765 2427 Atque
1805 2379 1866 2411 ea

308 2448 433 2492 sunt
464 2442 936 2494 animadvertenda
975 2450 1194 2510 peccata
1223 2446 1467 2503 maxime,
1500 2463 1636 2510 quae
1665 2443 1862 2494 difficil-

255 2588 266 2592 4
308 2525 430 2576 lime
459 2532 857 2592 praecaventur.
931 2529 1078 2578 Tecti
1108 2544 1217 2578 esse
1247 2529 1315 2577 ad
1345 2529 1540 2579 alienos
1569 2544 1861 2594 possumus

306 2608 481 2659 intimi
513 2611 685 2660 multa
717 2611 979 2676 apertiora
1010 2611 1227 2661 videant
1260 2628 1466 2662 necesse
1499 2618 1577 2662 est
1602 2628 1611 2670 ;
1665 2611 1862 2661 socium

308 2709 494 2743 cavere
521 2694 613 2758 qui
639 2710 918 2759 possumus
941 2695 958 2743 Ρ
1011 2711 1168 2759 quem
1197 2695 1357 2744 etiam
1385 2695 1428 2744 si
1454 2695 1753 2763 metuimus,
1784 2694 1864 2742 ius

305 2777 460 2826 officii
508 2777 784 2832 laedimus.
875 2779 1040 2827 Recte
1089 2779 1250 2842 igitur
1295 2779 1519 2828 maiores
1583 2795 1718 2837 cum,
1772 2777 1860 2840 qui

309 2860 507 2910 socium
543 2860 824 2918 fefellisset,
862 2861 914 2909 in
948 2860 1179 2910 virorum
1215 2862 1472 2910 bonorum
1507 2878 1723 2910 numero
1758 2876 1862 2908 non

304 2948 564 3008 putarunt
588 2944 769 2994 haberi
798 2949 1052 3008 oportere.
1127 2946 1196 2993 At
1228 2961 1351 2993 vero
1396 2946 1452 2994 T.
1503 2944 1722 2994 Roscius
1759 2958 1862 2991 non

1903 540 2002 589 114

1900 1035 2001 1085 115

1901 1759 2001 1832 116

1898 2942 2000 2993 117
