2216 3288
665 304 813 353 CAP.
867 302 1195 353 XIII—XV.
1269 305 1529 367 §36—43
1806 304 1865 352 15

305 430 406 475 est.
480 423 629 487 Quae
672 438 754 471 res
797 421 960 486 igitur
1002 426 1218 471 tantum
1262 421 1426 470 istum
1470 421 1699 470 furorem
1746 420 1862 470 Sex.
1900 421 1967 471 40

311 506 502 558 Roscio
520 505 713 555 obiecit
735 506 754 555 ?
799 506 809 522 ‘
836 503 1017 562 Patri:
1037 504 1227 568 inquit,
1250 506 1259 522 ‘
1284 520 1390 554 non
1407 504 1686 568 placebat.'
1726 502 1874 553 Patri

308 607 418 640 non
450 588 738 655 placebat?
779 603 941 651 quam
974 588 1041 636 ob
1077 587 1334 636 causam?
1372 602 1582 637 necesse
1615 590 1695 635 est
1730 585 1869 634 enim

307 690 428 723 eam
452 687 663 737 quoque
685 670 884 720 iustam
908 674 961 719 et
985 686 1234 735 magnam
1260 675 1312 718 θῖ
1336 670 1668 734 perspicuam
1693 669 1867 718 fuisse.
1914 702 1919 707 ·

309 758 450 807 Nam
473 761 536 805 ut
573 755 705 803 illud
743 752 1046 803 incredibile
1085 758 1178 811 est,
1220 759 1445 802 mortem
1485 752 1722 802 oblatam
1762 768 1873 802 esse

282 831 452 904 'patri
482 856 514 888 a
544 837 651 886 filio
681 837 792 886 sine
822 835 1059 901 plurimis
1091 840 1143 885 et
1173 835 1419 885 maximis
1449 835 1635 893 causis,
1668 835 1742 885 sic
1773 837 1872 884 hoc

310 923 423 972 veri
462 920 629 970 simile
667 936 774 969 non
814 923 909 978 est,
951 919 1072 968 odio
1113 919 1273 967 fuisse
1311 919 1518 982 parenti
1557 918 1722 968 filium
1762 918 1874 967 sine

309 1005 485 1056 causis
507 1002 689 1052 multis
714 1007 767 1051 θῖ
790 1001 995 1065 magnis
1020 1007 1072 1050 et
1097 1001 1413 1050 necessariis.
1489 1003 1691 1050 Rursus
1714 1001 1875 1065 igitur
1908 1005 1966 1054 41

311 1087 498 1138 eodem
540 1090 868 1135 revertamur
911 1090 963 1133 et
1007 1099 1323 1148 quaeramus
1366 1101 1503 1148 quae
1544 1088 1702 1133 tanta
1743 1083 1877 1133 vitia

315 1170 511 1220 fuerint
542 1169 597 1218 in
628 1169 784 1218 unico
815 1167 938 1224 filio,
974 1184 1136 1231 quare
1168 1168 1212 1216 is
1243 1168 1383 1231 patri
1416 1168 1728 1231 displiceret.
1804 1168 1875 1214 At

313 1254 647 1318 perspicuum
684 1257 763 1301 est
797 1252 1001 1300 nullum
1037 1250 1209 1300 fuisse.
1284 1253 1443 1300 Pater
1478 1251 1639 1315 igitur
1673 1266 1870 1306 amens,

311 1336 407 1401 qui
432 1335 627 1385 odisset
653 1351 773 1384 eum
804 1334 915 1383 sine
940 1350 1114 1391 causa,
1149 1351 1308 1398 quem
1346 1338 1650 1398 procrearat
1673 1337 1694 1382 ?
1733 1333 1804 1382 At
1831 1334 1875 1382 is

314 1419 531 1485 quidem
547 1418 649 1468 fuit
667 1418 905 1468 omnium
922 1419 1393 1482 constantissimus.
1468 1417 1608 1482 Ergo
1624 1417 1755 1466 illud
1771 1418 1879 1465 iam

316 1499 651 1568 perspicuum
674 1502 911 1568 profecto
938 1506 1033 1558 θεῖ,
1062 1500 1105 1550 si
1128 1516 1299 1563 neque
1326 1517 1506 1550 amens
1531 1506 1683 1566 pater
1707 1516 1878 1564 neque

317 1585 555 1651 perditus
585 1585 722 1635 filius
750 1585 924 1644 fuerit,
956 1600 1127 1647 neque
1157 1584 1262 1633 odii
1292 1600 1507 1633 causam
1535 1585 1676 1650 patri
1706 1600 1877 1647 neque

314 1668 520 1719 sceleris
553 1669 660 1718 filio
693 1668 869 1717 fuisse.

386 1752 501 1800 XV.
524 1753 534 1769 ‘
559 1752 780 1810 Nescio‚'
802 1750 992 1815 inquit,
1037 1752 1046 1768 ‘
1073 1767 1208 1814 quae
1226 1767 1385 1800 causa
1403 1750 1509 1799 odii
1527 1749 1701 1809 fuerit;
1723 1750 1881 1799 fuisse
1915 1754 1982 1802 42

319 1835 501 1884 odium
527 1835 787 1899 intellego,
819 1835 944 1898 quia
972 1839 1144 1891 antea,
1176 1850 1296 1882 cum
1324 1834 1456 1882 duos
1484 1834 1617 1883 filios
1643 1835 1879 1891 haberet,

320 1919 468 1967 illum
494 1918 734 1975 alterum,
763 1917 855 1981 qui
879 1922 1121 1966 mortuus
1147 1921 1240 1975 θεῖ,
1270 1934 1448 1966 secum
1473 1916 1617 1966 omni
1643 1921 1882 1981 tempore

319 2001 535 2050 volebat
589 2017 713 2058 esse,
769 2002 909 2049 hunc
960 2001 1015 2048 in
1066 2000 1282 2064 praedia
1333 2000 1531 2050 rustica
1582 1988 1877 2064 relegarat.'

322 2084 477 2148 Quod
500 2083 692 2133 Erucio
717 2083 991 2133 accidebat
1015 2082 1069 2131 in
1094 2083 1235 2132 mala
1260 2083 1645 2146 nugatoriaque
1670 2099 1882 2133 accusa-

321 2167 481 2224 tione,
506 2167 646 2216 idem
667 2166 797 2216 mihi
820 2182 919 2215 usu
939 2166 1087 2215 venit
1111 2166 1164 2214 in
1188 2182 1347 2215 causa
1369 2166 1587 2230 optima.
1664 2167 1757 2216 Ille
1780 2183 1886 2230 quo

322 2250 482 2299 modo
530 2250 727 2299 crimen
774 2249 1202 2298 commenticium
1251 2250 1601 2306 confirmaret,
1654 2266 1759 2298 non
1807 2250 1884 2298 in-

322 2333 587 2390 veniebat,
616 2349 710 2396 ego
734 2349 814 2382 res
840 2339 952 2383 tam
978 2334 1120 2382 leves
1150 2349 1256 2396 qua
1297 2333 1502 2382 ratione
1527 2332 1793 2382 infirmem
1824 2350 1883 2382 ac

325 2416 540 2473 diluam,
579 2415 801 2480 reperire
834 2431 940 2464 non
973 2431 1203 2480 possum.
1279 2415 1417 2479 Quid
1451 2415 1541 2473 ais,
1579 2416 1763 2464 Eruci?
1803 2421 1887 2465 tot

325 2499 555 2563 praedia,
581 2503 694 2548 tam
714 2498 947 2563 pulchra,
972 2503 1084 2547 tam
1106 2498 1378 2547 fructuosa
1397 2499 1513 2548 Sex.
1540 2499 1761 2547 Roscius
1781 2499 1888 2548 filio

327 2597 422 2630 suo
448 2580 779 2645 relegationis
805 2598 866 2630 ac
892 2581 1133 2646 supplicii
1158 2582 1330 2645 gratia
1356 2582 1575 2631 colenda
1602 2598 1661 2631 ac
1689 2583 1890 2632 tuenda

327 2664 664 2713 tradiderat?
708 2663 889 2728 Quid?
947 2665 1046 2713 hoc
1080 2669 1258 2728 patres
1294 2665 1535 2722 familias,
1574 2665 1665 2728 qui
1699 2665 1889 2715 liberos
1923 2667 1990 2717 43

329 2748 543 2805 habent,
584 2747 894 2812 praesertim
931 2746 1168 2796 homines
1205 2747 1343 2796 illius
1380 2747 1577 2797 ordinis
1616 2764 1680 2797 ex
1719 2749 1889 2797 muni-

330 2830 478 2895 cipiis
498 2830 791 2887 rusticanis,
815 2846 988 2879 nonne
1009 2829 1403 2894 optatissimum
1424 2830 1522 2880 sibi
1544 2836 1740 2894 putant
1762 2847 1886 2889 esse,

332 2912 464 2962 filio's
493 2929 615 2962 suos
643 2913 715 2962 rei
747 2912 990 2962 familiari
1018 2912 1248 2962 maxime
1278 2914 1470 2962 servire
1500 2918 1553 2963 et
1582 2914 1637 2962 in
1666 2915 1893 2978 praediis
