2216 3288
559 383 706 433 CAP.
755 382 1237 437 XLVII—XLIX„
1299 386 1322 445 g
1362 383 1622 431 137—142
1801 380 1868 430 53

309 503 605 551 concedant
659 517 866 551 necesse
920 506 1014 550 est.
1088 501 1420 565 Quapropter
1474 499 1716 548 desinant
1772 497 1860 546 ali·
1896 500 1996 551 140

311 585 528 648 quando
571 584 740 641 dicere
781 583 918 633 male
961 583 1189 648 aliquem
1231 584 1467 632 locutum
1511 598 1635 638 esse,
1683 581 1725 629 si
1769 579 1861 644 qui

314 683 437 717 vere
460 684 520 718 ac
542 668 702 716 libere
723 667 931 716 locutus
954 666 1037 724 sit,
1065 666 1306 716 desinant
1331 681 1480 714 suam
1504 679 1718 713 causam
1740 678 1863 712 cum

312 750 651 816 Chrysogono
678 748 1077 808 communicare,
1109 749 1366 807 desinant,
1398 747 1441 797 si
1468 748 1552 795 1116
1578 748 1749 796 laesus
1776 745 1863 806 sit,

312 833 380 882 de
411 849 465 882 se
495 833 695 897 aliquid
724 834 1022 882 detractum
1054 831 1310 889 arbitrari,
1345 831 1577 888 videant,
1612 846 1678 878 ne
1709 834 1864 893 turpe

314 915 666 980 miserumque
697 915 765 964 sit
799 931 900 973 eos,
938 914 1028 979 qui
1060 919 1355 979 equestrem
1388 913 1715 978 splendorem
1747 910 1864 976 pati

314 1014 421 1047 non
451 1003 754 1062 potuerunt,
788 997 924 1047 servi
954 996 1256 1062 nequissimi
1287 995 1701 1045 dominationem
1731 995 1866 1044 ferre

313 1097 479 1145 posse.
552 1081 699 1145 Quae
749 1080 963 1145 quidem
1015 1079 1320 1136 dominatio,
1376 1078 1585 1135 iudiceS,
1642 1078 1696 1126 in
1749 1078 1864 1126 aliis

311 1164 468 1212 rebus
525 1168 683 1212 antea
735 1164 1062 1233 versabatur,
1122 1179 1262 1211 nunc
1318 1178 1442 1211 vero
1500 1177 1661 1225 quarn
1717 1161 1862 1210 viam

315 1245 545 1295 munitet
565 1251 617 1296 et
638 1263 742 1311 quo
761 1247 861 1296 iter
880 1246 1126 1304 adfectet,
1147 1244 1340 1294 videtis
1362 1261 1373 1304 ;
1415 1244 1484 1294 ad
1501 1244 1674 1302 fidem,
1698 1243 1767 1292 ad
1783 1243 1866 1292 ius

312 1329 608 1387 iurandum,
636 1329 704 1378 ad
725 1329 918 1378 iudicia
939 1333 1130 1386 vestra,
1158 1329 1227 1377 ad
1247 1327 1316 1385 id,
1344 1327 1487 1392 quod
1509 1327 1677 1376 solum
1700 1342 1863 1390 prope

313 1411 368 1460 in
389 1410 606 1461 civitate
625 1413 883 1461 sincerum
904 1416 1252 1475 sanctumque
1273 1415 1452 1460 restat.
1492 1410 1680 1460 Hicine
1702 1410 1863 1458 etiam
1897 1412 1989 1462 141

311 1510 424 1544 sese
465 1499 622 1558 putat
666 1495 866 1559 aliquid
906 1511 1056 1564 posse
1099 1494 1507 1558 Chrysogonus?
1573 1493 1657 1542 hic
1701 1493 1863 1542 etiam

314 1583 502 1642 potens
532 1593 641 1627 esse
669 1578 786 1627 vult
810 1578 828 1626 ?
904 1578 949 1626 O
979 1594 1088 1627 rem
1117 1577 1361 1626 miseram
1391 1581 1552 1640 atque
1582 1577 1826 1625 acerbam
1850 1576 1859 1624 1

316 1653 500 1724 Neque
529 1661 846 1710 mehercules
875 1661 973 1709 hoc
1002 1659 1212 1724 indigne
1242 1660 1366 1718 fero,
1399 1660 1543 1723 quod
1571 1675 1766 1717 verear,
1799 1674 1865 1708 ne

314 1743 444 1807 quid
481 1743 662 1807 possit,
704 1760 889 1792 verum
929 1743 1072 1807 quod
1112 1759 1269 1791 ausus
1310 1747 1403 1801 est,
1447 1743 1590 1806 quod
1630 1742 1862 1806 speravit

316 1842 426 1874 sese
473 1827 614 1890 apud
661 1827 791 1875 tales
837 1825 976 1875 viros
1023 1825 1223 1890 aliquid
1267 1841 1418 1889 posse
1466 1825 1535 1874 ad
1579 1825 1862 1890 perniciem

315 1909 621 1966 innocentis,
691 1909 747 1958 id
811 1909 982 1973 ipsum
1049 1925 1250 1972 queror.
1325 1908 1520 1957 XLIX.
1597 1908 1864 1957 Idcircone

315 1996 619 2055 experrecta
647 1991 894 2041 nobilitas
923 1991 1079 2040 armis
1108 1996 1268 2055 atque
1298 1991 1432 2040 ferro
1460 2007 1569 2039 rem
1597 1991 1864 2055 publicam

317 2074 642 2138 reciperavit,
681 2081 741 2123 ut
777 2075 846 2123 ad
878 2073 1147 2124 libidinem
1182 2090 1332 2123 suam
1365 2074 1539 2123 liberti
1573 2074 1867 2138 servolique

314 2156 570 2206 nobilium
599 2158 741 2206 bona
771 2157 1114 2221 fortunasque
1145 2163 1351 2205 nostras
1381 2172 1573 2205 vexare
1602 2161 1816 2222 possent
1840 2157 1860 2206 ?

315 2238 371 2289 Si
394 2239 448 2288 id
473 2244 651 2288 actum
676 2245 770 2298 est,
799 2240 967 2289 fateor
990 2257 1073 2288 me
1098 2255 1307 2296 errasse,
1336 2239 1427 2303 qui
1450 2240 1547 2288 hoc
1572 2239 1862 2298 maluerim,
1900 2241 2000 2292 142

317 2321 488 2371 fateor
534 2322 798 2381 insanisse,
849 2322 941 2387 qui
987 2339 1107 2371 cum
1155 2322 1253 2371 illis
1300 2322 1581 2381 senserim;
1650 2322 1865 2372 tametsi

315 2404 541 2462 inermis,
572 2405 782 2463 iudices,
814 2405 963 2454 sensi.
1037 2403 1127 2453 Sin
1157 2409 1335 2454 autem
1362 2404 1585 2454 victoria
1611 2405 1866 2455 nobilium

317 2493 630 2537 ornamento
653 2493 813 2552 atque
837 2488 1189 2537 emolumento
1213 2488 1284 2536 rei
1306 2487 1547 2552 publicae
1569 2489 1870 2553 populoque

317 2570 559 2620 Romano
590 2571 746 2620 debet
778 2586 900 2629 esse,
934 2577 1050 2620 tum
1081 2587 1205 2619 vero
1236 2570 1437 2635 optimo
1468 2575 1521 2620 et
1550 2571 1873 2621 nobilissimo

315 2653 504 2718 cuique
547 2670 719 2703 meam
764 2653 1054 2703 orationem
1098 2653 1447 2717 gratissimam
1493 2669 1602 2703 esse
1646 2658 1871 2720 oportet.

316 2735 516 2799 Quodsi
542 2736 658 2801 quis
683 2741 776 2793 est,
805 2735 896 2800 qui
921 2740 973 2785 et
998 2753 1051 2785 se
1077 2742 1129 2785 et
1154 2737 1528 2785 causam'laedi
1552 2742 1721 2801 putet,
1749 2754 1870 2786 cum

318 2819 685 2883 Chrysogonus
746 2819 1088 2883 vituperetur,
1153 2819 1196 2867 is
1257 2835 1470 2868 causam
1531 2820 1753 2883 ignorat,
1818 2836 1872 2870 se

322 2901 494 2967 ipsum
529 2903 690 2967 probe
726 2901 909 2958 novit;
966 2918 1124 2951 causa
1159 2900 1298 2951 enim
1333 2901 1652 2966 splendidior
1686 2903 1790 2959 fiet,
1831 2902 1873 2951 si

330 2984 647 3048 nequissimo
715 2984 902 3048 cuique
971 2984 1255 3042 resistetur,
1316 2984 1400 3034 ille
1459 2984 1876 3049 improbissimus
