2216 3288
134 625 141 629 *
211 627 314 678 148

210 1378 309 1428 149

201 2962 302 3012 150

347 339 414 388 56
811 337 955 387 PRO
1005 339 1159 389 SEX.
1214 339 1467 388 ROSCIO

349 458 611 523 dignitate
643 459 975 517 adficeretur,
1009 475 1115 508 non
1146 458 1353 508 minora
1384 459 1485 507 illis
1515 446 1829 508 ornamenta
1859 474 1926 508 ex

350 558 447 591 sua
472 542 637 591 laude
656 542 913 592 redderet.
1629 578 1632 580 ψ

455 626 540 675 LI.
580 626 680 684 An,
728 627 872 690 quod
916 626 1193 690 diligenter
1238 625 1555 683 defenditur,
1602 626 1658 674 id
1700 624 1799 675 tibi
1841 625 1919 673 in-

348 708 567 773 dignum
602 709 807 759 facinus
840 709 1095 759 videtur?
1178 709 1306 758 Mihi
1340 710 1506 767 crede,
1545 709 1589 758 si
1621 724 1718 774 pro
1750 708 1920 773 patris

350 792 507 842 huius
537 792 779 858 hospitiis
810 798 862 842 et
893 792 1065 858 gratia
1093 793 1291 843 vellent
1322 809 1503 843 omnes
1532 793 1654 842 huic
1684 791 1920 857 hospites

350 876 536 925 adesse
582 880 635 926 et
682 877 938 926 auderent
983 864 1145 926 libere
1191 877 1485 935 defendere,
1535 876 1664 925 satis
1709 874 1920 940 copiose

349 958 753 1018 defenderetur;
823 959 903 1010 sin
949 965 1129 1009 autern
1173 976 1269 1025 pro
1299 958 1667 1024 magnitudine
1697 958 1919 1008 iniuriae
1992 1008 1994 1011 ,

347 1058 551 1107 proque
577 1060 652 1102 e0,
683 1044 827 1108 quod
853 1060 1061 1093 summa
1085 1059 1166 1093 res
1191 1044 1404 1108 publica
1427 1043 1482 1093 in
1507 1043 1663 1092 huius
1687 1041 1919 1107 periculo

349 1130 665 1191 temptatur,
706 1129 836 1177 haec
877 1144 1058 1177 omnes
1096 1126 1444 1185 vindicarent,
1487 1127 1770 1176 consistere
1808 1142 1917 1175 me-

348 1210 560 1260 hercule
605 1210 758 1260 vobis
804 1211 908 1260 isto
953 1210 1007 1260 in
1054 1211 1168 1261 loco
1215 1227 1322 1259 non
1367 1211 1560 1260 liceret.
1635 1210 1790 1259 Nunc
1835 1209 1916 1260 ita

349 1293 666 1352 defenditur,
721 1311 828 1343 non
880 1311 1006 1344 sane
1057 1299 1117 1343 ut
1170 1294 1390 1344 moleste
1441 1294 1574 1343 ferre
1626 1291 1914 1343 adversarii

348 1376 593 1436 debeant,
617 1394 788 1442 neque
809 1385 868 1427 ut
891 1394 946 1427 se
965 1377 1209 1443 potentia
1229 1377 1463 1443 superari
1483 1382 1691 1442 putent.
1767 1373 1916 1441 Quae

347 1460 492 1510 domi
528 1462 758 1526 gerenda
796 1465 936 1521 sunt,
979 1478 1041 1511 ea
1078 1478 1172 1527 per
1210 1461 1489 1511 Caeciliam
1528 1460 1911 1524 transiguntur,
1956 1452 1961 1459 ¹

346 1543 447 1594 fori
471 1558 476 1562 ·
498 1544 784 1610 iudiciique
835 1545 1096 1595 rationem
1149 1546 1216 1594 M.
1273 1544 1530 1602 Messalla,
1587 1549 1647 1593 ut
1698 1542 1911 1602 videtis,

345 1626 558 1687 iudiceS,
592 1622 822 1694 suscepit
847 1645 858 1687 ;
910 1628 1001 1693 qui
1031 1629 1074 1679 si
1103 1628 1210 1678 iarn
1241 1628 1370 1678 satis
1401 1627 1593 1678 aetatis
1624 1643 1684 1677 ac
1710 1626 1912 1676 roboris

345 1711 580 1770 haberet,
618 1712 728 1776 ipse
760 1728 856 1777 pro
890 1712 1007 1762 Sex.
1045 1711 1237 1762 Roscio
1271 1711 1502 1769 diceret;
1557 1710 1809 1776 quoniam
1844 1709 1914 1759 ad

346 1793 628 1844 dicendum
655 1795 1036 1861 impedimento
1063 1800 1143 1844 est
1170 1800 1318 1859 aetas
1344 1799 1397 1845 et
1423 1795 1609 1860 pudor,
1639 1794 1730 1859 qui
1757 1798 1912 1843 ornat

342 1882 593 1936 aetatem,
615 1895 831 1928 causam
848 1879 978 1927 mihi
995 1878 1234 1936 tradidit,
1256 1895 1414 1943 quem
1432 1895 1529 1928 sua
1545 1894 1705 1927 causa
1721 1892 1913 1943 cupere

341 1977 405 2009 ac
432 1962 621 2011 debere
647 1962 1002 2027 intellegebat,
1032 1962 1143 2027 ipse
1170 1962 1498 2020 assiduitate,
1528 1961 1758 2018 consilio,
1790 1977 1911 2010 auc-

343 2045 578 2103 toritate,
608 2045 881 2110 diligentia
905 2046 1140 2111 perfecit,
1170 2050 1230 2094 ut
1258 2046 1373 2095 Sex.
1406 2044 1564 2094 Rosci
1588 2044 1703 2094 vita
1729 2047 1913 2109 erepta

342 2127 409 2177 de
439 2127 686 2178 manibus
717 2134 981 2178 sectorum
1011 2129 1288 2179 sententiis
1318 2129 1551 2178 iudicum
1582 2128 1910 2193 permittere-

342 2215 444 2261 tur.
485 2212 764 2271 Nimirum,
783 2212 996 2271 iudiceS‚
1017 2229 1113 2278 pro
1130 2214 1229 2262 hac
1247 2212 1526 2262 nobilitate
1543 2228 1665 2277 pars
1682 2210 1919 2260 maxima

342 2294 577 2344 civitatis
599 2295 654 2344 in
678 2296 837 2345 armis
861 2295 963 2346 fuit
988 2312 998 2354 ;
1043 2297 1172 2345 haec
1197 2300 1319 2345 acta
1341 2283 1421 2344 res
1445 2300 1539 2353 est,
1567 2299 1628 2344 ut
1651 2294 1687 2343 ii
1710 2291 1913 2343 nobiles

341 2379 747 2429 restituerentur
771 2379 823 2428 in
864 2380 1160 2438 civitatem,
1209 2379 1303 2444 qui
1326 2380 1426 2428 hoc
1454 2380 1707 2437 iacerent,
1755 2376 1903 2443 quod

341 2453 512 2511 iacere
554 2463 851 2511 Messallam
893 2462 1102 2521 videtis,
1148 2463 1239 2527 qui
1281 2467 1442 2527 caput
1484 2461 1779 2511 innocentis
1821 2461 1908 2510 de-

341 2544 630 2604 fenderent,
687 2546 779 2610 qui
830 2546 1051 2596 iniuriae
1103 2546 1421 2604 resisterent,
1478 2545 1584 2610 qui,
1641 2548 1905 2610 quantum

339 2634 570 2693 possent,
618 2629 671 2677 in
717 2630 887 2679 salute
932 2629 1147 2679 alterius
1191 2646 1354 2694 quam
1398 2629 1452 2677 in
1498 2622 1660 2678 exitio
1690 2627 1910 2677 mallent

339 2713 615 2762 ostendere
639 2728 649 2770 ;
697 2714 841 2777 quod
867 2713 909 2762 si
935 2728 1131 2771 omneS,
1160 2712 1252 2778 qui
1278 2713 1462 2763 eodem
1486 2713 1601 2761 loco
1626 2711 1741 2760 nati
1765 2714 1906 2769 sunt,

340 2794 590 2854 tacerent,
638 2801 689 2844 et
733 2812 814 2845 res
855 2796 1069 2861 publica
1111 2813 1176 2845 ex
1217 2796 1318 2845 illis
1361 2800 1413 2845 et
1456 2795 1556 2860 ipsi
1600 2813 1663 2845 ex
1705 2793 1908 2845 invidia

339 2878 515 2927 minus
547 2879 865 2929 laborarent.

441 2963 557 3011 LII.
633 2963 829 3012 Verum
868 2963 911 3011 si
949 2980 980 3012 a
1018 2964 1371 3028 Chrysogono,
1413 2962 1627 3021 iudiceS,
1668 2977 1775 3011 non
1811 2960 1908 3010 im-
