2216 3288
373 321 440 368 38
839 316 982 365 PRO
1037 316 1192 367 SEX.
1246 316 1499 365 ROSCIO

375 439 514 504 Quid
548 444 677 498 erat,
715 438 861 503 quod
894 426 1208 502 Capitonem
1241 436 1474 501 primum
1506 436 1636 486 scire
1669 436 1945 487 voluerit?

375 523 581 581 Nesci0,
616 522 716 572 nisi
746 524 846 572 hoc
877 522 1051 579 vide0,
1086 520 1400 586 Capitonem
1431 521 1486 570 in
1516 520 1598 570 his
1627 520 1782 570 bonis
1811 535 1923 570 esse

377 607 576 657 socium
604 623 612 665 ;
665 606 729 655 de
759 606 931 655 tribus
960 609 1013 654 et
1042 604 1224 654 decem
1254 603 1434 654 fundis
1461 609 1570 653 tres
1597 603 1954 654 nobilissimos

240 691 341 742 100
378 691 570 740 fundos
611 707 730 739 eum
768 689 925 739 video
963 687 1244 754 possidere.
1318 687 1494 737 Audio
1532 691 1806 752 praeterea
1842 703 1950 737 non

235 1443 326 1494 101

229 2281 331 2332 102

377 776 513 823 hanc
533 773 885 839 suspicionem
903 788 1045 822 nunc
1059 772 1290 837 primum
1301 771 1355 821 in
1367 771 1679 836 Capitonem
1699 771 1950 830 conferri:

375 858 573 907 multas
607 874 717 907 esse
748 857 973 906 infames
1006 855 1116 906 eius
1147 856 1371 922 palmaS,
1405 857 1544 905 hanc
1577 855 1804 920 primam
1837 868 1948 904 esse

375 946 558 1008 tamen
577 941 959 999 lemniscatam,
982 955 1119 1005 quae
1137 942 1313 990 Roma
1326 939 1380 988 'ei
1399 938 1670 989 deferatur
1693 955 1703 998 ;
1743 938 1951 988 nullum

374 1026 594 1074 modum
626 1041 736 1075 esse
766 1024 996 1074 hominis
1026 1023 1314 1082 occidendi,
1349 1039 1454 1087 quo
1486 1022 1572 1072 ille
1602 1038 1710 1072 non
1741 1021 1948 1088 aliquot

374 1109 638 1168 occiderit,
666 1109 866 1158 multos
892 1108 1048 1165 ierrO,
1075 1107 1275 1158 multos
1298 1122 1504 1158 veneno
1529 1124 1539 1166 3
1585 1108 1757 1158 habeo
1784 1106 1947 1156 etiam

374 1192 560 1251 dicere,
591 1208 750 1257 quem
777 1196 963 1242 contra
987 1207 1189 1241 morem
1215 1191 1478 1242 maiorum
1504 1191 1761 1241 minorem
1789 1189 1943 1240 annis

342 1328 344 1330 ,
372 1290 445 1326 LX
475 1277 540 1325 de
567 1281 731 1342 ponte
758 1276 811 1326 in
840 1275 1073 1326 Tiberim
1102 1275 1347 1325 deiecerit
1373 1293 1383 1335 ;
1434 1290 1587 1339 quae,
1618 1275 1662 1325 si
1689 1272 1945 1341 prodierit

373 1364 536 1424 atque
557 1360 688 1419 adeo
708 1376 829 1409 cum
849 1359 1102 1424 prodierit
1128 1360 1255 1423 (scio
1275 1360 1416 1410 enim
1435 1356 1943 1424 proditurum‘esse),

373 1443 570 1494 audiet.
644 1443 837 1494 Veniat
865 1444 1303 1509 modo,·explicet
1333 1459 1489 1494 suum
1517 1443 1767 1493 volumen
1794 1440 1943 1499 illud,

372 1527 518 1591 quod
535 1527 582 1577 ei
600 1527 820 1592 planum
839 1527 1012 1579 facere
1029 1543 1247 1593 possum
1263 1527 1519 1578 Erucium
1538 1525 1906 1592 conscripsisse
1929 1539 1944 1583 ;

371 1611 517 1675 quod
539 1611 687 1661 aiunt
710 1612 859 1661 illum
882 1612 999 1661 Sex.
1027 1612 1219 1662 Roscio
1240 1612 1534 1662 intentasse
1555 1610 1616 1660 et'
1629 1610 1942 1661 minitatum

371 1710 482 1743 esse
513 1711 567 1744 se
599 1695 778 1745 omnia
807 1696 899 1745 illa
931 1696 1363 1761 protestimonio
1397 1711 1507 1745 esse
1538 1695 1821 1745 dicturum.
1895 1691 1942 1742 O

369 1778 698 1843 praeclarum
716 1783 925 1837 testem,
947 1779 1144 1830 iudices
1168 1781 1177 1830 1
1218 1798 1250 1830 o
1280 1780 1600 1846 gravitatem
1621 1779 1835 1843 dignam
1854 1791 1942 1826 ex·
1980 1770 1989 1779 ’

371 1863 699 1927 spectatione
726 1864 734 1912 !
786 1880 817 1912 o
845 1863 1016 1913 vitam
1045 1866 1324 1914 honestam
1356 1868 1518 1928 atque
1548 1865 1658 1914 eius
1686 1861 1847 1920 modi,
1877 1852 1949 1909 ut?

371 1945 661 1996 libentibus
699 1947 888 1996 animis
926 1948 995 1996 ad
1029 1947 1143 1997 ‚eius
1179 1947 1546 1998 testimonium
1585 1951 1823 1997 vestrum
1858 1943 1944 1993 ius

370 2028 653 2079 iurandum
672 2031 1083 2080 accommodetis
1108 2033 1115 2080 ἒ
1157 2033 1403 2082 Profecto
1420 2047 1528 2080 non
1545 2037 1659 2082 tam
1675 2027 1951 2097 perspicue

366 2129 462 2162 nos
508 2112 731 2162 istorum
778 2115 1036 2164 maleficia
1082 2114 1395 2175 videremus,
1446 2114 1546 2165 nisi
1568 2115 1711 2182 ipsos
1757 2124 1942 2165 caecos

368 2196 609 2246 redderet
651 2198 915 2263 cupiditas
957 2204 1009 2248 et
1053 2200 1280 2250 avaritia
1322 2206 1374 2249 et
1417 2200 1653 2250 audacia.

470 2281 727 2331 XXXVI.
803 2282 952 2331 Alter
978 2299 1041 2332 ex
1066 2282 1182 2348 ipsa
1207 2284 1366 2333 caede
1390 2284 1660 2334 volucrem
1686 2282 1940 2332 nuntium

370 2363 639 2413 Ameriam
685 2365 753 2414 ad
797 2365 996 2415 socium
1042 2370 1203 2432 atque
1249 2367 1380 2417 adeo
1423 2368 1738 2432 magistrum
1781 2381 1938 2415 suum

369 2448 529 2507 misit,
564 2452 641 2507 ut,
675 2449 718 2497 si
749 2449 1077 2499 dissimulare
1108 2467 1290 2501 omnes
1321 2456 1573 2517 cuperent
1603 2468 1657 2501 se
1688 2450 1833 2508 scire,
1866 2449 1937 2499 ad

370 2547 528 2595 quem
545 2532 863 2581 maleficium
880 2534 1183 2599 pertineret,
1205 2539 1385 2585 tamen
1403 2535 1515 2601 ipse
1533 2539 1778 2602 apertum
1795 2549 1953 2583 suum

368 2615 536 2664 scelus
561 2620 685 2665 ante
709 2616 946 2666 omnium
971 2618 1149 2668 oculos
1172 2624 1413 2684 poneret„
1480 2620 1644 2678 Alter,
1670 2619 1714 2668 si
1738 2617 1818 2668 dis
1840 2618 1935 2667 im-

366 2698 682 2749 mortalibus
699 2700 890 2765 placet,
911 2701 1277 2752 testimonium
1296 2703 1458 2753 etiam
1475 2704 1529 2763 in
1548 2704 1664 2753 Sex.
1688 2702 1940 2752 Roscium

307 2834 310 2835 a
367 2781 605 2831 dicturus
642 2788 756 2843 est;
814 2784 966 2848 quasi
1001 2802 1127 2835 vero
1163 2786 1217 2835 id
1253 2803 1393 2836 nunc
1431 2792 1634 2852 agatur,
1673 2792 1856 2836 utrum
1891 2787 1939 2836 is

365 2866 510 2930 quod
537 2865 728 2916 dixerit
756 2868 1101 2928 credendum,
1123 2886 1183 2919 ac
1211 2887 1332 2929 non,
1364 2871 1509 2936 quod
1534 2871 1731 2928 fecerit,
1760 2870 1933 2921 vindi-

363 2950 594 2999 candum
616 2950 700 2999 sit.
778 2952 967 3015 Itaque
989 2969 1134 3002 more
1155 2954 1415 3004 maiorum
1439 2960 1808 3021 comparatum
1831 2959 1932 3015 est,
