2216 3288
349 317 419 368 40
815 316 959 367 PRO
1007 315 1161 369 SEX.
1215 317 1470 368 ROSCIO

354 436 539 501 ignoti,
586 454 745 502 quem
790 436 1006 487 omnino
1051 453 1346 502 numquam
1389 438 1640 488 viderat?
1717 437 1924 496 Soletis,

354 535 477 569 curn
507 520 707 585 aliquid
735 521 952 570 huiusce
981 521 1125 570 modi
1156 521 1393 580 audistis
1411 521 1640 579 iudices,
1671 521 1926 571 continuo

353 603 524 653 dicere
549 620 557 654 :
594 605 603 622 ‘
628 605 852 654 Necesse
883 610 962 653 est
993 604 1225 668 aliquem
1254 604 1448 654 dixisse
1476 605 1799 670 municipem
1829 609 1925 654 aut

211 686 315 739 106
351 686 621 746 vicinum;
685 688 721 736 ii
764 688 1074 752 plerumque
1117 687 1372 746 indicant,
1418 705 1511 752 per
1554 705 1642 738 eos
1684 688 1921 753 plerique

353 771 686 835 produntur.’
760 771 864 820 Hic
902 771 1032 820 nihil
1071 776 1166 830 est,
1219 771 1365 835 quod
1426 771 1775 836 suspiciosum
1826 771 1927 820 hoc

357 869 463 903 esse
506 855 721 919 putetis
797 855 918 903 Non
953 855 1093 903 enim
1133 870 1235 918 ,ego
1269 854 1346 903 ita
1381 855 1702 920 disputabo:
1759 856 1769 873 ‘
1795 853 1918 904 Veri

355 937 522 987 simile
582 943 662 987 est
724 938 943 987 Roscios
1001 938 1162 987 istam
1222 954 1331 987 rem
1392 938 1461 987 ad
1520 938 1921 1003 Chrysogonum

354 1020 606 1070 detulisse
631 1037 640 1080 ;
666 1027 780 1071 erat
814 1022 955 1070 enim
988 1022 1062 1070 eis
1095 1037 1215 1070 cum
1249 1021 1588 1087 Chrysogono
1622 1022 1729 1070 iam
1763 1026 1925 1070 antea

354 1104 591 1154 amicitia
614 1121 624 1163 ;
648 1121 775 1154 nam
797 1121 919 1154 cum
939 1105 1138 1154 multos
1157 1109 1363 1154 veteres
1385 1121 1417 1153 a
1437 1105 1725 1154 maioribus
1747 1102 1926 1154 Roscii

350 1192 607 1253 patronos
623 1188 963 1254 hospitesque
979 1189 1252 1248 haberent,
1273 1204 1456 1238 omnes
1473 1204 1561 1239 eos
1577 1189 1745 1238 colere
1762 1192 1927 1253 atque

354 1273 635 1322 observare
673 1272 994 1321 destiterunt
1032 1288 1092 1321 ac
1129 1287 1183 1322 se
1220 1272 1275 1320 in
1311 1271 1637 1338 Chrysogoni
1675 1273 1833 1322 fidem
1869 1275 1925 1320 et

212 1354 317 1405 107
353 1354 651 1404 clientelam
710 1356 1082 1406 contulerunt.'
1157 1357 1306 1405 Haec
1340 1372 1555 1420 possum
1590 1355 1768 1405 omnia
1800 1369 1926 1404 vere

351 1438 537 1498 dicere,
577 1439 670 1488 sed
705 1438 759 1487 in
796 1440 895 1488 hac
931 1455 1092 1488 causa
1129 1439 1434 1489 coniectura
1469 1438 1599 1489 nihil
1636 1455 1769 1504 opus
1805 1442 1922 1496 est:
1955 1458 1957 1461 ·

349 1521 493 1587 ipsos
511 1526 655 1572 certo
673 1522 780 1571 scio
797 1538 905 1571 non
922 1538 1112 1587 negare
1132 1523 1200 1572 ad
1217 1524 1346 1572 haec
1362 1524 1506 1572 bona
1524 1523 1926 1587 Chrysogonum

348 1606 627 1655 accessisse
652 1605 885 1671 impulsu
911 1622 1020 1657 suo,
1096 1606 1151 1655 Si
1176 1621 1314 1665 eum,
1355 1606 1447 1671 qui
1484 1606 1664 1656 indicii
1701 1604 1926 1672 pretium

353 1689 633 1754 acceperit,
655 1689 819 1738 oculis
837 1690 1076 1747 cernetis,
1097 1690 1407 1755 poteritisne
1426 1690 1687 1747 dubitare,
1707 1689 1923 1747 iudiceS,

352 1772 471 1836 quis
494 1772 740 1822 indicarit
764 1774 782 1822 ?
860 1772 964 1838 Qui
986 1778 1111 1822 sunt
1136 1773 1296 1838 igitur
1319 1773 1373 1822 in
1396 1774 1512 1823 istis
1533 1773 1703 1832 bonis,
1729 1772 1926 1837 quibus

348 1860 557 1920 partem
605 1855 974 1921 Chrysogonus
1022 1856 1267 1906 dederit?
1343 1859 1466 1907 Duo
1515 1857 1706 1907 Roscii.
1779 1855 1927 1905 Num

363 1939 609 2003 quisnam
657 1943 974 2004 praeterea?
1065 1940 1235 1990 Nemo
1287 1946 1381 1998 est,
1450 1941 1660 1990 iudices.
1779 1939 1923 1987 Num

358 2039 479 2088 ergo
519 2023 742 2072 dubium
780 2028 876 2082 est,
918 2023 1048 2089 quin
1086 2024 1122 2072 ii
1162 2025 1452 2074 obtulerint
1492 2026 1628 2074 hanc
1668 2023 1923 2089 praedam

363 2105 717 2171 ChrysogonO,
750 2106 842 2171 qui
869 2110 936 2158 ab
967 2124 1028 2157 eo
1056 2112 1264 2172 partem
1292 2107 1519 2172 praedae
1547 2108 1784 2157 tulerunt
1808 2106 1828 2154 ?

227 2190 326 2241 108
464 2191 575 2254 Age
602 2206 740 2238 nunc
767 2207 831 2239 ex
856 2190 1020 2255 ipsius
1046 2191 1371 2256 Chrysogoni
1395 2191 1588 2241 iudicio
1615 2190 1926 2240 Rosciorum

364 2273 568 2323 factum
596 2273 998 2323 consideremus
1075 2274 1127 2323 Si
1155 2273 1286 2323 nihil
1313 2274 1366 2323 in
1394 2275 1499 2324 ista
1525 2291 1704 2339 pugna
1732 2271 1924 2332 Roscii,

362 2358 507 2421 quod
527 2373 716 2421 operae
736 2357 967 2422 pretium
989 2362 1140 2415 esset,
1165 2357 1414 2415 fecerant,
1439 2374 1602 2422 quam
1622 2359 1690 2407 ob
1711 2372 1929 2407 causam
1963 2396 1971 2399 Ὗ

344 2442 390 2490 'a
423 2439 760 2505 Chrysogono
794 2441 961 2490 tantis
993 2441 1239 2505 praemiis
1273 2441 1654 2491 donabantur?
1712 2440 1756 2490 si
1797 2437 1930 2490 nihil

363 2523 507 2573 aliud
543 2525 778 2573 fecerunt
813 2522 913 2573 nisi
947 2541 1056 2574 rem
1091 2524 1412 2584 detulerunt,
1450 2541 1625 2574 nonne
1660 2523 1789 2574 satis
1822 2521 1927 2590 fuit

363 2607 426 2655 iis
468 2607 665 2671 gratias
708 2607 806 2671 agi,
854 2606 1095 2673 denique,
1142 2614 1204 2657 ut
1246 2607 1625 2674 perliberaliter
1667 2611 1923 2673 ageretur,

363 2690 575 2739 honoris
625 2690 825 2755 aliquid
872 2692 1099 2741 haberi?
1175 2691 1278 2740 Cur
1326 2691 1429 2741 tria
1476 2691 1692 2756 praedia
1741 2695 1928 2740 tantae

361 2773 615 2838 pecuniae
644 2774 829 2823 statim
858 2774 1103 2839 Capitoni
1131 2776 1330 2824 dantur
1353 2775 1372 2824 Ρ
1422 2792 1530 2833 cur,
1561 2791 1698 2840 quae
1725 2772 1929 2838 reliqua

360 2862 501 2916 sunt,
527 2857 627 2907 iste
650 2859 706 2907 T.
736 2857 958 2907 Roscius
981 2858 1160 2907 omnia
1183 2875 1305 2908 cum
1328 2858 1666 2924 Chrysogono
1688 2873 1925 2907 commu-

359 2940 497 2990 niter
523 2940 756 3004 possidet
781 2943 799 2990 ?
876 2940 1065 2991 Nonne
1092 2941 1428 3007 perspicuum
1457 2947 1552 3000 est,
1584 2941 1796 2999 iudiceS,
1826 2941 1925 2990 has
