<?xml version="1.0" encoding="UTF-8"?>
<!DOCTYPE html PUBLIC "-//W3C//DTD XHTML 1.0 Transitional//EN"
    "http://www.w3.org/TR/xhtml1/DTD/xhtml1-transitional.dtd">
<html xmlns="http://www.w3.org/1999/xhtml" xml:lang="en" lang="en">
 <head>
  <title>
</title>
<meta http-equiv="Content-Type" content="text/html;charset=utf-8" />
  <meta name='ocr-system' content='tesseract 3.04.00' />
  <meta name='ocr-capabilities' content='ocr_page ocr_carea ocr_par ocr_line ocrx_word'/>
</head>
<body>
  <div class='ocr_page' id='page_1' title='image "./proroscioamerino00ciceuoft/proroscioamerino00ciceuoft_0061.png"; bbox 0 0 2216 3288; ppageno 0'>
   <div class='ocr_carea' id='block_1_1' title="bbox 453 354 1855 423">
    <p class='ocr_par' dir='ltr' id='par_1_1' title="bbox 453 354 1855 423">
     <span class='ocr_line' id='line_1_1' title="bbox 453 354 1855 423; baseline -0.002 -16"><span class='ocrx_word' id='word_1_1' title='bbox 453 357 599 408; x_wconf 85' lang='lat' dir='ltr'>CAP.</span> <span class='ocrx_word' id='word_1_2' title='bbox 651 357 938 417; x_wconf 90' lang='lat' dir='ltr'>XXXVII,</span> <span class='ocrx_word' id='word_1_3' title='bbox 989 357 1305 410; x_wconf 90' lang='lat' dir='ltr'>XXXVIII.</span> <span class='ocrx_word' id='word_1_4' title='bbox 1379 356 1698 423; x_wconf 77' lang='lat'>§105—111</span> <span class='ocrx_word' id='word_1_5' title='bbox 1794 354 1855 405; x_wconf 83' lang='lat'>41</span> 
     </span>
    </p>
   </div>
   <div class='ocr_carea' id='block_1_2' title="bbox 295 474 1992 3022">
    <p class='ocr_par' dir='ltr' id='par_1_2' title="bbox 297 474 1860 612">
     <span class='ocr_line' id='line_1_2' title="bbox 297 474 1860 542; baseline -0.003 -16"><span class='ocrx_word' id='word_1_6' title='bbox 297 476 583 527; x_wconf 82' lang='lat' dir='ltr'>manubias</span> <span class='ocrx_word' id='word_1_7' title='bbox 626 477 827 527; x_wconf 88' lang='lat' dir='ltr'>Rosciis</span> <span class='ocrx_word' id='word_1_8' title='bbox 867 476 1263 542; x_wconf 78' lang='lat' dir='ltr'>Chrysogonum</span> <span class='ocrx_word' id='word_1_9' title='bbox 1305 493 1358 526; x_wconf 89' lang='lat' dir='ltr'>re</span> <span class='ocrx_word' id='word_1_10' title='bbox 1399 474 1611 539; x_wconf 90' lang='lat' dir='ltr'>cognita</span> <span class='ocrx_word' id='word_1_11' title='bbox 1651 488 1860 523; x_wconf 88' lang='lat' dir='ltr'>conces-</span> 
     </span>
     <span class='ocr_line' id='line_1_3' title="bbox 297 559 507 612; baseline 0 -4"><span class='ocrx_word' id='word_1_12' title='bbox 297 559 473 612; x_wconf 68' lang='lat' dir='ltr'>sisse?</span> <span class='ocrx_word' id='word_1_13' title='bbox 503 580 507 584; x_wconf 90' lang='lat'><strong>·</strong></span> 
     </span>
    </p>

    <p class='ocr_par' dir='ltr' id='par_1_3' title="bbox 295 637 1992 3022">
     <span class='ocr_line' id='line_1_4' title="bbox 375 637 1992 705; baseline -0.001 -15"><span class='ocrx_word' id='word_1_14' title='bbox 375 642 689 690; x_wconf 93' lang='lat' dir='ltr'>XXXVIII.</span> <span class='ocrx_word' id='word_1_15' title='bbox 730 641 887 690; x_wconf 81' lang='lat' dir='ltr'>Venit</span> <span class='ocrx_word' id='word_1_16' title='bbox 909 641 962 689; x_wconf 93' lang='lat' dir='ltr'>in</span> <span class='ocrx_word' id='word_1_17' title='bbox 985 642 1164 690; x_wconf 93' lang='lat' dir='ltr'>decem</span> <span class='ocrx_word' id='word_1_18' title='bbox 1184 641 1366 705; x_wconf 88' lang='lat' dir='ltr'>primis</span> <span class='ocrx_word' id='word_1_19' title='bbox 1385 642 1590 703; x_wconf 90' lang='lat' dir='ltr'>legatus</span> <span class='ocrx_word' id='word_1_20' title='bbox 1609 638 1665 686; x_wconf 91' lang='lat' dir='ltr'>in</span> <span class='ocrx_word' id='word_1_21' title='bbox 1685 642 1860 686; x_wconf 90' lang='lat' dir='ltr'>castra</span> <span class='ocrx_word' id='word_1_22' title='bbox 1893 637 1992 688; x_wconf 80' lang='grc'>109</span> 
     </span>
     <span class='ocr_line' id='line_1_5' title="bbox 300 719 1862 788; baseline -0.003 -16"><span class='ocrx_word' id='word_1_23' title='bbox 300 723 508 788; x_wconf 78' lang='lat' dir='ltr'>Capito.</span> <span class='ocrx_word' id='word_1_24' title='bbox 582 724 773 772; x_wconf 80' lang='lat' dir='ltr'>Totam</span> <span class='ocrx_word' id='word_1_25' title='bbox 791 724 975 781; x_wconf 86' lang='lat' dir='ltr'>vitam,</span> <span class='ocrx_word' id='word_1_26' title='bbox 997 729 1244 773; x_wconf 88' lang='lat' dir='ltr'>naturam</span> <span class='ocrx_word' id='word_1_27' title='bbox 1261 738 1535 786; x_wconf 89' lang='lat' dir='ltr'>moresque</span> <span class='ocrx_word' id='word_1_28' title='bbox 1553 719 1780 771; x_wconf 89' lang='lat' dir='ltr'>hominis</span> <span class='ocrx_word' id='word_1_29' title='bbox 1797 736 1862 769; x_wconf 87' lang='lat' dir='ltr'>ex</span> 
     </span>
     <span class='ocr_line' id='line_1_6' title="bbox 300 802 1859 871; baseline -0.003 -17"><span class='ocrx_word' id='word_1_30' title='bbox 300 805 422 871; x_wconf 74' lang='lat' dir='ltr'>vipsa</span> <span class='ocrx_word' id='word_1_31' title='bbox 440 806 699 870; x_wconf 79' lang='lat' dir='ltr'>legatione</span> <span class='ocrx_word' id='word_1_32' title='bbox 720 806 1029 870; x_wconf 82' lang='lat' dir='ltr'>cognoscite.</span> <span class='ocrx_word' id='word_1_33' title='bbox 1103 806 1218 855; x_wconf 91' lang='lat' dir='ltr'>Nisi</span> <span class='ocrx_word' id='word_1_34' title='bbox 1236 804 1612 861; x_wconf 78' lang='lat' dir='ltr'>intellexeritis,</span> <span class='ocrx_word' id='word_1_35' title='bbox 1646 802 1859 859; x_wconf 55' lang='lat' dir='ltr'>iudices</span> 
     </span>
     <span class='ocr_line' id='line_1_7' title="bbox 300 888 1863 949; baseline -0.002 -12"><span class='ocrx_word' id='word_1_36' title='bbox 300 888 510 937; x_wconf 54' lang='lat' dir='ltr'>‘nullum</span> <span class='ocrx_word' id='word_1_37' title='bbox 539 904 649 938; x_wconf 91' lang='lat' dir='ltr'>esse</span> <span class='ocrx_word' id='word_1_38' title='bbox 676 889 919 947; x_wconf 89' lang='lat' dir='ltr'>officium,</span> <span class='ocrx_word' id='word_1_39' title='bbox 950 889 1153 938; x_wconf 91' lang='lat' dir='ltr'>nullum</span> <span class='ocrx_word' id='word_1_40' title='bbox 1180 888 1261 938; x_wconf 93' lang='lat' dir='ltr'>ius</span> <span class='ocrx_word' id='word_1_41' title='bbox 1287 893 1401 938; x_wconf 92' lang='lat' dir='ltr'>tam</span> <span class='ocrx_word' id='word_1_42' title='bbox 1429 891 1673 936; x_wconf 90' lang='lat' dir='ltr'>sanctum</span> <span class='ocrx_word' id='word_1_43' title='bbox 1700 890 1863 949; x_wconf 89' lang='lat' dir='ltr'>atque</span> 
     </span>
     <span class='ocr_line' id='line_1_8' title="bbox 307 966 1862 1036; baseline -0.003 -17"><span class='ocrx_word' id='word_1_44' title='bbox 307 970 586 1035; x_wconf 91' lang='lat' dir='ltr'>integrum,</span> <span class='ocrx_word' id='word_1_45' title='bbox 613 972 757 1036; x_wconf 90' lang='lat' dir='ltr'>quod</span> <span class='ocrx_word' id='word_1_46' title='bbox 778 987 884 1020; x_wconf 93' lang='lat' dir='ltr'>non</span> <span class='ocrx_word' id='word_1_47' title='bbox 907 971 1016 1020; x_wconf 90' lang='lat' dir='ltr'>eius</span> <span class='ocrx_word' id='word_1_48' title='bbox 1038 972 1204 1020; x_wconf 90' lang='lat' dir='ltr'>scelus</span> <span class='ocrx_word' id='word_1_49' title='bbox 1227 976 1388 1036; x_wconf 92' lang='lat' dir='ltr'>atque</span> <span class='ocrx_word' id='word_1_50' title='bbox 1410 969 1630 1034; x_wconf 89' lang='lat' dir='ltr'>perfidia</span> <span class='ocrx_word' id='word_1_51' title='bbox 1651 966 1862 1017; x_wconf 89' lang='lat' dir='ltr'>violarit</span> 
     </span>
     <span class='ocr_line' id='line_1_9' title="bbox 302 1051 1858 1119; baseline -0.003 -17"><span class='ocrx_word' id='word_1_52' title='bbox 302 1059 362 1102; x_wconf 85' lang='lat' dir='ltr'>et</span> <span class='ocrx_word' id='word_1_53' title='bbox 393 1054 730 1112; x_wconf 89' lang='lat' dir='ltr'>imminuerit,</span> <span class='ocrx_word' id='word_1_54' title='bbox 766 1053 938 1103; x_wconf 85' lang='lat' dir='ltr'>virum</span> <span class='ocrx_word' id='word_1_55' title='bbox 970 1054 1231 1119; x_wconf 91' lang='lat' dir='ltr'>optimum</span> <span class='ocrx_word' id='word_1_56' title='bbox 1259 1070 1372 1102; x_wconf 87' lang='lat' dir='ltr'>esse</span> <span class='ocrx_word' id='word_1_57' title='bbox 1404 1069 1524 1102; x_wconf 90' lang='lat' dir='ltr'>eum</span> <span class='ocrx_word' id='word_1_58' title='bbox 1555 1051 1858 1100; x_wconf 91' lang='lat' dir='ltr'>iudicatote.</span> 
     </span>
     <span class='ocr_line' id='line_1_10' title="bbox 309 1132 1990 1201; baseline -0.001 -16"><span class='ocrx_word' id='word_1_59' title='bbox 309 1136 698 1201; x_wconf 89' lang='lat' dir='ltr'>Impedimento</span> <span class='ocrx_word' id='word_1_60' title='bbox 747 1142 841 1194; x_wconf 92' lang='lat' dir='ltr'>est,</span> <span class='ocrx_word' id='word_1_61' title='bbox 893 1153 1000 1201; x_wconf 89' lang='lat' dir='ltr'>quo</span> <span class='ocrx_word' id='word_1_62' title='bbox 1046 1137 1220 1186; x_wconf 90' lang='lat' dir='ltr'>minus</span> <span class='ocrx_word' id='word_1_63' title='bbox 1269 1136 1334 1185; x_wconf 93' lang='lat' dir='ltr'>de</span> <span class='ocrx_word' id='word_1_64' title='bbox 1381 1136 1462 1184; x_wconf 89' lang='lat' dir='ltr'>his</span> <span class='ocrx_word' id='word_1_65' title='bbox 1510 1135 1670 1188; x_wconf 73' lang='lat' dir='ltr'>rebusv</span> <span class='ocrx_word' id='word_1_66' title='bbox 1714 1133 1858 1182; x_wconf 81' lang='lat' dir='ltr'>Sulla</span> <span class='ocrx_word' id='word_1_67' title='bbox 1891 1132 1990 1183; x_wconf 84' lang='grc'>110</span> 
     </span>
     <span class='ocr_line' id='line_1_11' title="bbox 312 1217 1862 1283; baseline -0.003 -15"><span class='ocrx_word' id='word_1_68' title='bbox 312 1219 582 1278; x_wconf 89' lang='lat' dir='ltr'>doceatur,</span> <span class='ocrx_word' id='word_1_69' title='bbox 620 1225 911 1270; x_wconf 88' lang='lat' dir='ltr'>ceterorum</span> <span class='ocrx_word' id='word_1_70' title='bbox 945 1221 1238 1283; x_wconf 88' lang='lat' dir='ltr'>legatorum</span> <span class='ocrx_word' id='word_1_71' title='bbox 1283 1218 1496 1268; x_wconf 87' lang='lat' dir='ltr'>consilia</span> <span class='ocrx_word' id='word_1_72' title='bbox 1531 1223 1583 1266; x_wconf 91' lang='lat' dir='ltr'>et</span> <span class='ocrx_word' id='word_1_73' title='bbox 1619 1217 1862 1265; x_wconf 88' lang='lat' dir='ltr'>volunta-</span> 
     </span>
     <span class='ocr_line' id='line_1_12' title="bbox 307 1299 1864 1366; baseline -0.003 -16"><span class='ocrx_word' id='word_1_74' title='bbox 307 1306 420 1351; x_wconf 89' lang='lat' dir='ltr'>tem</span> <span class='ocrx_word' id='word_1_75' title='bbox 461 1303 795 1366; x_wconf 83' lang='lat' dir='ltr'>Chrysogono</span> <span class='ocrx_word' id='word_1_76' title='bbox 837 1301 1096 1360; x_wconf 84' lang='lat' dir='ltr'>enuntiat,</span> <span class='ocrx_word' id='word_1_77' title='bbox 1138 1306 1335 1359; x_wconf 89' lang='lat' dir='ltr'>monet,</span> <span class='ocrx_word' id='word_1_78' title='bbox 1379 1306 1440 1350; x_wconf 90' lang='lat' dir='ltr'>ut</span> <span class='ocrx_word' id='word_1_79' title='bbox 1479 1299 1758 1365; x_wconf 85' lang='lat' dir='ltr'>provideat</span> <span class='ocrx_word' id='word_1_80' title='bbox 1798 1315 1864 1347; x_wconf 91' lang='lat' dir='ltr'>ne</span> 
     </span>
     <span class='ocr_line' id='line_1_13' title="bbox 302 1380 1924 1449; baseline -0.002 -16"><span class='ocrx_word' id='word_1_81' title='bbox 302 1385 487 1449; x_wconf 53' lang='lat' dir='ltr'>‘palam</span> <span class='ocrx_word' id='word_1_82' title='bbox 528 1401 608 1434; x_wconf 91' lang='lat' dir='ltr'>res</span> <span class='ocrx_word' id='word_1_83' title='bbox 649 1391 850 1449; x_wconf 85' lang='lat' dir='ltr'>agatur,</span> <span class='ocrx_word' id='word_1_84' title='bbox 894 1384 1142 1443; x_wconf 83' lang='lat' dir='ltr'>ostendit,</span> <span class='ocrx_word' id='word_1_85' title='bbox 1186 1385 1228 1433; x_wconf 90' lang='lat' dir='ltr'>si</span> <span class='ocrx_word' id='word_1_86' title='bbox 1268 1386 1480 1434; x_wconf 91' lang='lat' dir='ltr'>sublata</span> <span class='ocrx_word' id='word_1_87' title='bbox 1518 1383 1586 1432; x_wconf 91' lang='lat' dir='ltr'>sit</span> <span class='ocrx_word' id='word_1_88' title='bbox 1626 1380 1863 1431; x_wconf 88' lang='lat' dir='ltr'>venditio</span> <span class='ocrx_word' id='word_1_89' title='bbox 1919 1416 1924 1420; x_wconf 20' lang='grc' dir='ltr'><strong>Ἴ</strong></span> 
     </span>
     <span class='ocr_line' id='line_1_14' title="bbox 306 1466 1864 1533; baseline -0.002 -18"><span class='ocrx_word' id='word_1_90' title='bbox 306 1468 584 1526; x_wconf 88' lang='lat' dir='ltr'>bonorum,</span> <span class='ocrx_word' id='word_1_91' title='bbox 619 1468 766 1516; x_wconf 89' lang='lat' dir='ltr'>illum</span> <span class='ocrx_word' id='word_1_92' title='bbox 797 1467 1075 1533; x_wconf 90' lang='lat' dir='ltr'>pecuniam</span> <span class='ocrx_word' id='word_1_93' title='bbox 1107 1468 1357 1531; x_wconf 87' lang='lat' dir='ltr'>grandem</span> <span class='ocrx_word' id='word_1_94' title='bbox 1389 1466 1719 1522; x_wconf 89' lang='lat' dir='ltr'>amissurum,</span> <span class='ocrx_word' id='word_1_95' title='bbox 1754 1479 1864 1512; x_wconf 87' lang='lat' dir='ltr'>sese</span> 
     </span>
     <span class='ocr_line' id='line_1_15' title="bbox 297 1545 1865 1615; baseline -0.003 -17"><span class='ocrx_word' id='word_1_96' title='bbox 297 1550 499 1614; x_wconf 49' lang='lat' dir='ltr'>*capitis</span> <span class='ocrx_word' id='word_1_97' title='bbox 531 1550 820 1615; x_wconf 88' lang='lat' dir='ltr'>periculum</span> <span class='ocrx_word' id='word_1_98' title='bbox 853 1550 1122 1599; x_wconf 90' lang='lat' dir='ltr'>aditurum</span> <span class='ocrx_word' id='word_1_99' title='bbox 1147 1566 1157 1609; x_wconf 86' lang='lat'>;</span> <span class='ocrx_word' id='word_1_100' title='bbox 1210 1551 1358 1599; x_wconf 90' lang='lat' dir='ltr'>illum</span> <span class='ocrx_word' id='word_1_101' title='bbox 1391 1565 1590 1606; x_wconf 90' lang='lat' dir='ltr'>acuere,</span> <span class='ocrx_word' id='word_1_102' title='bbox 1626 1549 1736 1604; x_wconf 92' lang='lat' dir='ltr'>hos,</span> <span class='ocrx_word' id='word_1_103' title='bbox 1773 1545 1865 1610; x_wconf 89' lang='lat' dir='ltr'>qui</span> 
     </span>
     <span class='ocr_line' id='line_1_16' title="bbox 311 1632 1860 1691; baseline -0.002 -11"><span class='ocrx_word' id='word_1_104' title='bbox 311 1632 467 1681; x_wconf 90' lang='lat' dir='ltr'>simul</span> <span class='ocrx_word' id='word_1_105' title='bbox 505 1637 654 1682; x_wconf 88' lang='lat' dir='ltr'>erant</span> <span class='ocrx_word' id='word_1_106' title='bbox 692 1633 850 1691; x_wconf 90' lang='lat' dir='ltr'>missi,</span> <span class='ocrx_word' id='word_1_107' title='bbox 892 1634 1082 1691; x_wconf 81' lang='lat' dir='ltr'>fallere,</span> <span class='ocrx_word' id='word_1_108' title='bbox 1124 1633 1271 1682; x_wconf 93' lang='lat' dir='ltr'>illum</span> <span class='ocrx_word' id='word_1_109' title='bbox 1308 1632 1597 1682; x_wconf 90' lang='lat' dir='ltr'>identidem</span> <span class='ocrx_word' id='word_1_110' title='bbox 1634 1645 1860 1686; x_wconf 87' lang='lat' dir='ltr'>monere,</span> 
     </span>
     <span class='ocr_line' id='line_1_17' title="bbox 311 1714 1864 1780; baseline -0.003 -16"><span class='ocrx_word' id='word_1_111' title='bbox 311 1720 373 1764; x_wconf 93' lang='lat' dir='ltr'>ut</span> <span class='ocrx_word' id='word_1_112' title='bbox 392 1721 616 1773; x_wconf 84' lang='lat' dir='ltr'>caveret,</span> <span class='ocrx_word' id='word_1_113' title='bbox 639 1717 778 1765; x_wconf 90' lang='lat' dir='ltr'>hisce</span> <span class='ocrx_word' id='word_1_114' title='bbox 798 1716 1041 1765; x_wconf 87' lang='lat' dir='ltr'>insidiose</span> <span class='ocrx_word' id='word_1_115' title='bbox 1060 1732 1207 1780; x_wconf 91' lang='lat' dir='ltr'>spem</span> <span class='ocrx_word' id='word_1_116' title='bbox 1227 1715 1414 1765; x_wconf 78' lang='lat' dir='ltr'>falsam</span> <span class='ocrx_word' id='word_1_117' title='bbox 1433 1714 1720 1770; x_wconf 86' lang='lat' dir='ltr'>ostendere,</span> <span class='ocrx_word' id='word_1_118' title='bbox 1743 1728 1864 1761; x_wconf 91' lang='lat' dir='ltr'>cum</span> 
     </span>
     <span class='ocr_line' id='line_1_18' title="bbox 309 1786 1863 1856; baseline -0.003 -10"><span class='ocrx_word' id='word_1_119' title='bbox 309 1797 401 1847; x_wconf 93' lang='lat' dir='ltr'>illo</span> <span class='ocrx_word' id='word_1_120' title='bbox 449 1803 635 1848; x_wconf 89' lang='lat' dir='ltr'>contra</span> <span class='ocrx_word' id='word_1_121' title='bbox 683 1786 778 1848; x_wconf 91' lang='lat' dir='ltr'>hos</span> <span class='ocrx_word' id='word_1_122' title='bbox 826 1797 956 1848; x_wconf 89' lang='lat' dir='ltr'>inire</span> <span class='ocrx_word' id='word_1_123' title='bbox 1006 1799 1235 1856; x_wconf 89' lang='lat' dir='ltr'>consilia,</span> <span class='ocrx_word' id='word_1_124' title='bbox 1289 1800 1477 1847; x_wconf 88' lang='lat' dir='ltr'>horum</span> <span class='ocrx_word' id='word_1_125' title='bbox 1526 1796 1740 1846; x_wconf 90' lang='lat' dir='ltr'>consilia</span> <span class='ocrx_word' id='word_1_126' title='bbox 1789 1794 1863 1843; x_wconf 91' lang='lat' dir='ltr'>illi</span> 
     </span>
     <span class='ocr_line' id='line_1_19' title="bbox 304 1877 1865 1946; baseline -0.002 -16"><span class='ocrx_word' id='word_1_127' title='bbox 304 1881 602 1939; x_wconf 84' lang='lat' dir='ltr'>enuntiare,</span> <span class='ocrx_word' id='word_1_128' title='bbox 652 1898 772 1930; x_wconf 91' lang='lat' dir='ltr'>cum</span> <span class='ocrx_word' id='word_1_129' title='bbox 819 1882 906 1930; x_wconf 91' lang='lat' dir='ltr'>illo</span> <span class='ocrx_word' id='word_1_130' title='bbox 952 1887 1160 1946; x_wconf 90' lang='lat' dir='ltr'>partem</span> <span class='ocrx_word' id='word_1_131' title='bbox 1207 1898 1358 1930; x_wconf 89' lang='lat' dir='ltr'>suam</span> <span class='ocrx_word' id='word_1_132' title='bbox 1405 1879 1674 1945; x_wconf 88' lang='lat' dir='ltr'>depecisci,</span> <span class='ocrx_word' id='word_1_133' title='bbox 1724 1877 1865 1927; x_wconf 91' lang='lat' dir='ltr'>hisce</span> 
     </span>
     <span class='ocr_line' id='line_1_20' title="bbox 312 1961 1865 2028; baseline -0.002 -17"><span class='ocrx_word' id='word_1_134' title='bbox 312 1963 490 2028; x_wconf 86' lang='lat' dir='ltr'>aliqua</span> <span class='ocrx_word' id='word_1_135' title='bbox 525 1965 650 2013; x_wconf 87' lang='lat' dir='ltr'>ficta</span> <span class='ocrx_word' id='word_1_136' title='bbox 684 1981 833 2013; x_wconf 88' lang='lat' dir='ltr'>mora</span> <span class='ocrx_word' id='word_1_137' title='bbox 881 1980 1085 2028; x_wconf 91' lang='lat' dir='ltr'>semper</span> <span class='ocrx_word' id='word_1_138' title='bbox 1134 1980 1313 2013; x_wconf 92' lang='lat' dir='ltr'>omnes</span> <span class='ocrx_word' id='word_1_139' title='bbox 1350 1963 1526 2012; x_wconf 90' lang='lat' dir='ltr'>aditus</span> <span class='ocrx_word' id='word_1_140' title='bbox 1562 1962 1631 2011; x_wconf 92' lang='lat' dir='ltr'>ad</span> <span class='ocrx_word' id='word_1_141' title='bbox 1666 1961 1865 2017; x_wconf 85' lang='lat' dir='ltr'>Sullam</span> 
     </span>
     <span class='ocr_line' id='line_1_21' title="bbox 305 2042 1866 2103; baseline -0.002 -8"><span class='ocrx_word' id='word_1_142' title='bbox 305 2045 672 2096; x_wconf 81' lang='lat' dir='ltr'>intercludere.</span> <span class='ocrx_word' id='word_1_143' title='bbox 747 2049 1019 2096; x_wconf 90' lang='lat' dir='ltr'>Postremo</span> <span class='ocrx_word' id='word_1_144' title='bbox 1055 2046 1158 2096; x_wconf 92' lang='lat' dir='ltr'>isto</span> <span class='ocrx_word' id='word_1_145' title='bbox 1195 2048 1479 2103; x_wconf 90' lang='lat' dir='ltr'>hortatore,</span> <span class='ocrx_word' id='word_1_146' title='bbox 1521 2049 1750 2103; x_wconf 88' lang='lat' dir='ltr'>auctore,</span> <span class='ocrx_word' id='word_1_147' title='bbox 1788 2042 1866 2092; x_wconf 90' lang='lat' dir='ltr'>in-</span> 
     </span>
     <span class='ocr_line' id='line_1_22' title="bbox 308 2125 1857 2194; baseline -0.003 -16"><span class='ocrx_word' id='word_1_148' title='bbox 308 2134 592 2179; x_wconf 90' lang='lat' dir='ltr'>tercessore</span> <span class='ocrx_word' id='word_1_149' title='bbox 617 2131 685 2178; x_wconf 90' lang='lat' dir='ltr'>ad</span> <span class='ocrx_word' id='word_1_150' title='bbox 711 2130 909 2179; x_wconf 84' lang='lat' dir='ltr'>Sullam</span> <span class='ocrx_word' id='word_1_151' title='bbox 932 2130 1092 2194; x_wconf 89' lang='lat' dir='ltr'>legati</span> <span class='ocrx_word' id='word_1_152' title='bbox 1116 2147 1220 2179; x_wconf 91' lang='lat' dir='ltr'>non</span> <span class='ocrx_word' id='word_1_153' title='bbox 1254 2130 1495 2179; x_wconf 89' lang='lat' dir='ltr'>adierunt</span> <span class='ocrx_word' id='word_1_154' title='bbox 1517 2144 1527 2186; x_wconf 84' lang='lat'>;</span> <span class='ocrx_word' id='word_1_155' title='bbox 1577 2127 1730 2178; x_wconf 89' lang='lat' dir='ltr'>istius</span> <span class='ocrx_word' id='word_1_156' title='bbox 1755 2125 1857 2174; x_wconf 80' lang='lat' dir='ltr'>fide</span> 
     </span>
     <span class='ocr_line' id='line_1_23' title="bbox 313 2211 1864 2278; baseline -0.003 -17"><span class='ocrx_word' id='word_1_157' title='bbox 313 2227 372 2261; x_wconf 89' lang='lat' dir='ltr'>ac</span> <span class='ocrx_word' id='word_1_158' title='bbox 398 2214 578 2278; x_wconf 89' lang='lat' dir='ltr'>potius</span> <span class='ocrx_word' id='word_1_159' title='bbox 601 2212 820 2277; x_wconf 88' lang='lat' dir='ltr'>perfidia</span> <span class='ocrx_word' id='word_1_160' title='bbox 837 2213 1060 2277; x_wconf 87' lang='lat' dir='ltr'>decepti,</span> <span class='ocrx_word' id='word_1_161' title='bbox 1094 2213 1149 2261; x_wconf 90' lang='lat' dir='ltr'>id</span> <span class='ocrx_word' id='word_1_162' title='bbox 1166 2213 1310 2277; x_wconf 90' lang='lat' dir='ltr'>quod</span> <span class='ocrx_word' id='word_1_163' title='bbox 1326 2229 1390 2261; x_wconf 72' lang='lat' dir='ltr'>ex</span> <span class='ocrx_word' id='word_1_164' title='bbox 1413 2211 1538 2276; x_wconf 89' lang='lat' dir='ltr'>ipsis</span> <span class='ocrx_word' id='word_1_165' title='bbox 1556 2224 1864 2275; x_wconf 90' lang='lat' dir='ltr'>cognoscere</span> 
     </span>
     <span class='ocr_line' id='line_1_24' title="bbox 311 2292 1865 2360; baseline -0.003 -16"><span class='ocrx_word' id='word_1_166' title='bbox 311 2295 568 2360; x_wconf 87' lang='lat' dir='ltr'>poteritis,</span> <span class='ocrx_word' id='word_1_167' title='bbox 592 2297 635 2344; x_wconf 92' lang='lat' dir='ltr'>si</span> <span class='ocrx_word' id='word_1_168' title='bbox 655 2301 929 2346; x_wconf 88' lang='lat' dir='ltr'>accusator</span> <span class='ocrx_word' id='word_1_169' title='bbox 947 2295 1173 2345; x_wconf 90' lang='lat' dir='ltr'>voluerit</span> <span class='ocrx_word' id='word_1_170' title='bbox 1192 2292 1555 2345; x_wconf 88' lang='lat' dir='ltr'>testimonium</span> <span class='ocrx_word' id='word_1_171' title='bbox 1575 2293 1647 2342; x_wconf 89' lang='lat' dir='ltr'>eis</span> <span class='ocrx_word' id='word_1_172' title='bbox 1666 2293 1865 2341; x_wconf 91' lang='lat' dir='ltr'>denun-</span> 
     </span>
     <span class='ocr_line' id='line_1_25' title="bbox 314 2376 1861 2443; baseline -0.003 -16"><span class='ocrx_word' id='word_1_173' title='bbox 314 2377 460 2436; x_wconf 90' lang='lat' dir='ltr'>tiare,</span> <span class='ocrx_word' id='word_1_174' title='bbox 493 2395 590 2442; x_wconf 89' lang='lat' dir='ltr'>pro</span> <span class='ocrx_word' id='word_1_175' title='bbox 621 2395 676 2427; x_wconf 85' lang='lat' dir='ltr'>re</span> <span class='ocrx_word' id='word_1_176' title='bbox 707 2384 850 2428; x_wconf 92' lang='lat' dir='ltr'>certa</span> <span class='ocrx_word' id='word_1_177' title='bbox 881 2395 1027 2443; x_wconf 90' lang='lat' dir='ltr'>spem</span> <span class='ocrx_word' id='word_1_178' title='bbox 1060 2379 1247 2427; x_wconf 85' lang='lat' dir='ltr'>falsam</span> <span class='ocrx_word' id='word_1_179' title='bbox 1279 2378 1495 2426; x_wconf 90' lang='lat' dir='ltr'>domum</span> <span class='ocrx_word' id='word_1_180' title='bbox 1527 2376 1861 2426; x_wconf 90' lang='lat' dir='ltr'>rettulerunt.</span> 
     </span>
     <span class='ocr_line' id='line_1_26' title="bbox 315 2457 1986 2526; baseline -0.001 -17"><span class='ocrx_word' id='word_1_181' title='bbox 315 2461 380 2510; x_wconf 93' lang='lat' dir='ltr'>In</span> <span class='ocrx_word' id='word_1_182' title='bbox 406 2460 629 2525; x_wconf 89' lang='lat' dir='ltr'>privatis</span> <span class='ocrx_word' id='word_1_183' title='bbox 656 2463 811 2510; x_wconf 89' lang='lat' dir='ltr'>rebus</span> <span class='ocrx_word' id='word_1_184' title='bbox 839 2461 882 2510; x_wconf 91' lang='lat' dir='ltr'>si</span> <span class='ocrx_word' id='word_1_185' title='bbox 909 2460 1001 2526; x_wconf 90' lang='lat' dir='ltr'>qui</span> <span class='ocrx_word' id='word_1_186' title='bbox 1044 2477 1153 2510; x_wconf 88' lang='lat' dir='ltr'>rem</span> <span class='ocrx_word' id='word_1_187' title='bbox 1197 2461 1508 2510; x_wconf 88' lang='lat' dir='ltr'>mandatam</span> <span class='ocrx_word' id='word_1_188' title='bbox 1552 2475 1658 2508; x_wconf 92' lang='lat' dir='ltr'>non</span> <span class='ocrx_word' id='word_1_189' title='bbox 1700 2457 1859 2506; x_wconf 90' lang='lat' dir='ltr'>modo</span> <span class='ocrx_word' id='word_1_190' title='bbox 1896 2458 1986 2508; x_wconf 90' lang='grc'>111</span> 
     </span>
     <span class='ocr_line' id='line_1_27' title="bbox 311 2541 1860 2608; baseline -0.003 -16"><span class='ocrx_word' id='word_1_191' title='bbox 311 2543 625 2593; x_wconf 88' lang='lat' dir='ltr'>malitiosius</span> <span class='ocrx_word' id='word_1_192' title='bbox 646 2543 886 2607; x_wconf 91' lang='lat' dir='ltr'>gessisset</span> <span class='ocrx_word' id='word_1_193' title='bbox 909 2543 990 2592; x_wconf 91' lang='lat' dir='ltr'>sui</span> <span class='ocrx_word' id='word_1_194' title='bbox 1012 2549 1263 2608; x_wconf 89' lang='lat' dir='ltr'>quaestus</span> <span class='ocrx_word' id='word_1_195' title='bbox 1286 2548 1380 2591; x_wconf 89' lang='lat' dir='ltr'>aut</span> <span class='ocrx_word' id='word_1_196' title='bbox 1403 2541 1665 2592; x_wconf 90' lang='lat' dir='ltr'>commodi</span> <span class='ocrx_word' id='word_1_197' title='bbox 1687 2555 1860 2598; x_wconf 87' lang='lat' dir='ltr'>causa,</span> 
     </span>
     <span class='ocr_line' id='line_1_28' title="bbox 307 2625 1865 2698; baseline -0.004 -21"><span class='ocrx_word' id='word_1_198' title='bbox 307 2642 496 2677; x_wconf 85' lang='lat' dir='ltr'>verum</span> <span class='ocrx_word' id='word_1_199' title='bbox 542 2626 702 2676; x_wconf 88' lang='lat' dir='ltr'>etiarn</span> <span class='ocrx_word' id='word_1_200' title='bbox 747 2626 1118 2698; x_wconf 69' lang='lat' dir='ltr'>neglegentius,</span> <span class='ocrx_word' id='word_1_201' title='bbox 1167 2642 1287 2676; x_wconf 91' lang='lat' dir='ltr'>eum</span> <span class='ocrx_word' id='word_1_202' title='bbox 1332 2625 1554 2675; x_wconf 90' lang='lat' dir='ltr'>maiores</span> <span class='ocrx_word' id='word_1_203' title='bbox 1598 2638 1865 2673; x_wconf 89' lang='lat' dir='ltr'>summum</span> 
     </span>
     <span class='ocr_line' id='line_1_29' title="bbox 299 2704 1863 2772; baseline -0.004 -14"><span class='ocrx_word' id='word_1_204' title='bbox 299 2709 582 2758; x_wconf 85' lang='lat' dir='ltr'>.:admisisse</span> <span class='ocrx_word' id='word_1_205' title='bbox 635 2709 860 2759; x_wconf 91' lang='lat' dir='ltr'>dedecus</span> <span class='ocrx_word' id='word_1_206' title='bbox 913 2708 1304 2758; x_wconf 88' lang='lat' dir='ltr'>existimabant.</span> <span class='ocrx_word' id='word_1_207' title='bbox 1380 2709 1570 2772; x_wconf 89' lang='lat' dir='ltr'>Itaque</span> <span class='ocrx_word' id='word_1_208' title='bbox 1622 2704 1863 2756; x_wconf 86' lang='lat' dir='ltr'>mandati</span> 
     </span>
     <span class='ocr_line' id='line_1_30' title="bbox 297 2791 1861 2854; baseline -0.003 -13"><span class='ocrx_word' id='word_1_209' title='bbox 297 2791 665 2841; x_wconf 71' lang='lat' dir='ltr'>›constitutum</span> <span class='ocrx_word' id='word_1_210' title='bbox 710 2796 790 2842; x_wconf 88' lang='lat' dir='ltr'>est</span> <span class='ocrx_word' id='word_1_211' title='bbox 833 2791 1085 2841; x_wconf 91' lang='lat' dir='ltr'>iudicium</span> <span class='ocrx_word' id='word_1_212' title='bbox 1130 2808 1237 2841; x_wconf 91' lang='lat' dir='ltr'>non</span> <span class='ocrx_word' id='word_1_213' title='bbox 1281 2791 1456 2839; x_wconf 92' lang='lat' dir='ltr'>minus</span> <span class='ocrx_word' id='word_1_214' title='bbox 1500 2795 1654 2854; x_wconf 91' lang='lat' dir='ltr'>turpe</span> <span class='ocrx_word' id='word_1_215' title='bbox 1700 2803 1861 2852; x_wconf 89' lang='lat' dir='ltr'>quam</span> 
     </span>
     <span class='ocr_line' id='line_1_31' title="bbox 315 2869 1862 2939; baseline -0.003 -16"><span class='ocrx_word' id='word_1_216' title='bbox 315 2874 457 2932; x_wconf 84' lang='lat' dir='ltr'>furti,</span> <span class='ocrx_word' id='word_1_217' title='bbox 502 2874 672 2933; x_wconf 89' lang='lat' dir='ltr'>credO,</span> <span class='ocrx_word' id='word_1_218' title='bbox 716 2879 995 2939; x_wconf 90' lang='lat' dir='ltr'>propterea</span> <span class='ocrx_word' id='word_1_219' title='bbox 1035 2875 1193 2938; x_wconf 90' lang='lat' dir='ltr'>quod,</span> <span class='ocrx_word' id='word_1_220' title='bbox 1239 2873 1430 2938; x_wconf 91' lang='lat' dir='ltr'>quibus</span> <span class='ocrx_word' id='word_1_221' title='bbox 1470 2872 1524 2921; x_wconf 91' lang='lat' dir='ltr'>in</span> <span class='ocrx_word' id='word_1_222' title='bbox 1566 2872 1720 2921; x_wconf 92' lang='lat' dir='ltr'>rebus</span> <span class='ocrx_word' id='word_1_223' title='bbox 1762 2869 1862 2934; x_wconf 90' lang='lat' dir='ltr'>ipsi</span> 
     </span>
     <span class='ocr_line' id='line_1_32' title="bbox 295 2952 1862 3022; baseline -0.001 -19"><span class='ocrx_word' id='word_1_224' title='bbox 295 2956 558 3007; x_wconf 82' lang='lat' dir='ltr'>interesse</span> <span class='ocrx_word' id='word_1_225' title='bbox 586 2973 691 3006; x_wconf 92' lang='lat' dir='ltr'>non</span> <span class='ocrx_word' id='word_1_226' title='bbox 719 2973 1011 3022; x_wconf 53' lang='lat' dir='ltr'>possumus</span> <span class='ocrx_word' id='word_1_227' title='bbox 1042 2957 1096 3005; x_wconf 91' lang='lat' dir='ltr'>in</span> <span class='ocrx_word' id='word_1_228' title='bbox 1124 2957 1187 3006; x_wconf 91' lang='lat' dir='ltr'>iis</span> <span class='ocrx_word' id='word_1_229' title='bbox 1213 2972 1401 3021; x_wconf 89' lang='lat' dir='ltr'>operae</span> <span class='ocrx_word' id='word_1_230' title='bbox 1429 2960 1638 3004; x_wconf 85' lang='lat' dir='ltr'>nostrae</span> <span class='ocrx_word' id='word_1_231' title='bbox 1665 2952 1862 3002; x_wconf 85' lang='lat' dir='ltr'>vicaria</span> 
     </span>
    </p>
   </div>
   <div class='ocr_carea' id='block_1_3' title="bbox 0 0 124 3288">
    <p class='ocr_par' dir='ltr' id='par_1_4' title="bbox 0 0 124 3288">
     <span class='ocr_line' id='line_1_33' title="bbox 0 0 124 3288; baseline 0 0"><span class='ocrx_word' id='word_1_232' title='bbox 0 0 124 3288; x_wconf 95' lang='lat' dir='ltr'> </span> 
     </span>
    </p>
   </div>
  </div>
 </body>
</html>
