2216 3288
610 335 754 402 cA'P.
807 351 1242 404 XLv-XLVIL
1315 354 1639 417 §131—137
1831 355 1890 403 51

342 473 556 532 iudiceS‚
582 488 715 537 quos
735 476 980 535 sumptus
1001 470 1307 529 cotidianos
1334 487 1466 535 quas
1488 471 1764 520 effusiones
1787 471 1897 520 fieri

344 555 565 622 putatis
593 571 731 620 quae
754 570 879 604 vero
905 552 1151 603 convivia
1172 554 1192 602 Ρ
1241 556 1480 613 honesta,
1508 554 1677 611 cred0‚
1707 553 1761 601 in
1787 553 1899 602 eius

344 638 492 689 modi
516 638 689 695 domo,
718 637 762 686 si
788 637 975 686 domus
1002 637 1129 685 haec
1154 636 1401 686 habenda
1426 641 1505 685 est
1531 636 1710 700 potius
1734 653 1897 701 quam

343 721 555 771 officina
571 719 838 785 nequitiae
857 724 911 768 et
931 719 1286 768 deversorium
1304 718 1624 782 flagitiorum
1643 717 1894 768 omnium.

349 807 470 871 Ipse
507 820 632 853 vero
672 819 830 867 quem
870 802 940 851 ad
977 802 1196 851 modurn
1235 802 1527 866 composito
1566 806 1619 851 et
1661 801 1898 851 delibuto
1932 803 2032 854 135

343 887 537 952 capillo
562 885 759 951 passim
784 900 878 950 per
903 885 1076 933 forum
1102 884 1290 934 volitet
1318 900 1439 933 cum
1465 900 1658 948 magna
1684 889 1901 934 caterva

349 974 667 1033 togatorum,
707 967 914 1025 videtis,
955 967 1166 1026 iudices,
1207 972 1268 1015 ut
1308 982 1488 1015 omnes
1526 966 1796 1031 despiciat,
1837 972 1899 1017 ut

349 1052 615 1101 hominem
668 1066 794 1115 prae
847 1065 902 1098 se
955 1049 1217 1098 neminem
1271 1053 1441 1113 putet,
1500 1055 1561 1098 ut
1617 1066 1670 1098 se
1724 1050 1894 1099 solum

346 1136 582 1192 beatum,
619 1133 787 1182 solum
820 1136 1095 1197 potentem
1127 1136 1296 1196 putet.
1370 1132 1517 1195 Quae
1549 1148 1674 1182 vero
1709 1132 1900 1182 efficiat

347 1222 405 1266 et
455 1233 590 1281 quae
639 1221 872 1273 conetur,
925 1215 968 1263 si
1017 1214 1176 1264 velim
1225 1231 1648 1273 commemorare,
1700 1231 1898 1274 vereor,

349 1299 560 1357 iudices,
613 1315 679 1347 ne
728 1297 845 1362 quis
893 1297 1184 1362 imperitior
1233 1297 1499 1346 existimet
1549 1314 1633 1347 me
1683 1314 1899 1348 causam

310 1438 315 1442 ,
349 1381 643 1432 nobilitatis
686 1380 1070 1444 victoriamque
1114 1379 1340 1429 voluisse
1383 1381 1621 1439 laedere;
1688 1381 1904 1431 tametsi

351 1481 470 1514 meo
511 1464 623 1513 iure
663 1479 892 1528 possum,
937 1464 981 1514 si
1023 1462 1153 1527 quid
1192 1463 1246 1511 in
1288 1465 1387 1513 hac
1428 1468 1580 1528 parte
1621 1464 1751 1512 mihi
1783 1480 1902 1513 ‘non

347 1548 573 1612 placeat,
591 1546 893 1611 vituperare
915 1561 926 1603 ;
964 1561 1071 1595 non
1088 1544 1225 1594 enim
1242 1562 1440 1604 vereor,
1459 1562 1525 1595 ne
1541 1545 1660 1611 quis
1676 1546 1906 1596 alienum

350 1646 436 1678 me
458 1628 691 1678 animum
714 1628 958 1678 habuisse
981 1646 1013 1678 a
1033 1642 1194 1678 causa
1214 1628 1509 1679 nobilitatis
1531 1628 1812 1679 existimet.

419 1712 637 1762 XLVII.
690 1710 873 1761 Sciunt
914 1711 966 1768 ii,
1010 1710 1103 1777 qui
1143 1728 1228 1761 me
1270 1716 1480 1769 norunt,
1525 1728 1611 1761 me
1652 1728 1746 1777 pro
1788 1728 1909 1762 mea
1941 1715 2040 1766 136

339 1794 494 1844 tenui
517 1795 829 1859 infirmaque
852 1798 1018 1859 parte,
1046 1798 1394 1859 posteaquam
1418 1794 1486 1852 id,
1505 1795 1652 1861 quod
1674 1795 1906 1846 maxime

348 1877 508 1935 volui,
542 1877 652 1927 fieri
682 1892 790 1925 non
818 1876 1012 1942 potuit,
1046 1883 1106 1926 ut
1138 1882 1556 1941 componeretur,
1590 1878 1654 1926 id·
1675 1879 1907 1928 maxime

343 1959 662 2017 defendisse,
693 1963 755 2007 ut
781 1959 818 2008 ii
845 1959 1130 2017 vincerent,
1162 1960 1254 2024 qui
1280 1959 1535 2019 vicerunt,
1609 1960 1737 2025 Quis
1766 1961 1906 2011 enim

348 2047 484 2100 erat,
518 2042 610 2107 qui
641 2058 746 2091 non
775 2042 980 2091 videret
1011 2043 1366 2091 humilitatem
1398 2059 1518 2092 cum
1550 2042 1809 2107 dignitate
1840 2045 1906 2094 de

344 2124 699 2190 amplitudine
742 2124 1101 2174 contendere?
1147 2142 1254 2190 quo
1296 2127 1351 2174 in
1376 2126 1666 2175 certamine
1708 2127 1903 2191 perditi
1952 2147 1956 2151 ·

344 2208 482 2257 'civis
507 2213 621 2257 erat
647 2224 753 2256 non
779 2223 834 2256 se
861 2209 930 2256 ad
954 2224 1042 2257 eos
1066 2208 1292 2271 iungere,
1334 2209 1524 2273 quibus
1549 2210 1901 2259 mcolumibus

345 2295 407 2340 et
464 2290 608 2340 domi
666 2289 896 2354 dignitas
954 2295 1007 2339 et
1066 2291 1191 2339 foris
1249 2291 1538 2341 auctoritas
1574 2292 1901 2342 retineretur.

353 2372 501 2436 Quae
551 2373 786 2437 perfecta
836 2388 946 2422 esse
997 2378 1049 2422 et
1101 2390 1255 2423 suum
1306 2372 1494 2438 cuique
1545 2377 1794 2424 honorem
1847 2380 1901 2424 et

353 2455 574 2518 gradum
622 2454 887 2505 redditum
934 2456 1151 2519 gaudeo,
1201 2457 1411 2515 iudices,
1461 2458 1906 2523 vehementerque

353 2537 522 2586 laetor
550 2554 715 2603 eaque
743 2538 920 2587 omnia
949 2538 1165 2587 deorum
1193 2539 1485 2598 voluntate,
1519 2539 1696 2590 studio
1723 2540 1906 2606 populi

354 2610 594 2680 Romani,
638 2620 853 2670 consilio
893 2626 946 2670 et
985 2621 1204 2687 imperio
1245 2626 1298 2670 et
1338 2622 1590 2672 felicitate
1631 2625 1687 2673 L.
1732 2624 1905 2674 Sullae

342 2707 500 2766 'gesta
548 2718 657 2752 esse
706 2703 964 2767 intellego,
1038 2704 1191 2767 Quod
1250 2704 1674 2754 animadversum
1725 2713 1802 2755 est
1854 2707 1907 2755 in
1941 2709 2042 2759 137

351 2800 459 2842 eOS,
495 2785 586 2850 qui
618 2791 803 2835 contra
835 2787 977 2836 omni
1010 2787 1214 2836 ratione
1245 2794 1566 2852 pugnarunt,
1600 2805 1707 2837 non
1740 2790 1907 2839 debeo

355 2868 764 2932 reprehendere;
831 2869 975 2933 quod
1019 2869 1145 2919 viris
1190 2870 1429 2929 fortibus
1477 2887 1703 2936 quorum
1749 2888 1909 2937 opera

341 2949 548 2999 eximia
598 2951 651 2999 in
704 2952 858 3001 rebus
908 2952 1146 3016 gerendis
1197 2953 1418 3011 exstitit,
1473 2955 1639 3003 honos
1690 2953 1906 3003 habitus
