2216 3288
350 334 417 382 32
815 332 956 380 PRO
1009 331 1162 382 SEX.
1216 333 1470 382 ROSCIO

354 467 466 502 esse
484 451 760 518 profiteris.
834 452 917 501 De
935 450 1195 517 Capitone
1211 456 1336 518 post
1353 451 1657 511 viderimus
1681 452 1738 510 si,
1763 466 1927 517 quem

355 535 425 585 ad
446 535 666 585 modum
687 540 938 599 paratum
961 550 1073 584 esse
1095 534 1270 594 audio,
1296 535 1450 585 testis
1471 535 1726 600 prodierit
1749 550 1760 593 ;
1804 540 1924 585 tum

356 619 486 670 alias
523 636 734 684 quoque
771 635 894 668 suas
930 619 1136 683 palmas
1173 624 1467 684 cognoscet,
1508 619 1574 670 de
1609 617 1803 684 quibus
1838 635 1929 668 me

355 720 421 753 ne
449 702 656 752 audisse
683 701 898 767 quidem
924 702 1238 767 suspicatur.
1314 704 1369 752 L.
1400 703 1609 752 Cassius
1633 703 1735 761 ille,
1763 718 1930 767 quem

356 787 583 851 populus
642 788 916 836 Romanus
971 786 1305 835 verissimum
1363 791 1415 836 et
1472 786 1923 851 sapientissimum

356 871 583 920 iudicem
647 871 894 938 putabat,
962 869 1254 919 identidem
1317 870 1371 918 in
1436 870 1606 919 causis
1670 885 1934 935 quaerere

358 955 577 1013 solebat,
616 955 626 971 ‘
652 954 736 1003 cui
768 955 943 1003 bono'
981 953 1180 1003 fuisset.
1255 949 1338 1003 Sic
1371 953 1486 1008 vita
1518 953 1793 1003 hominum
1826 957 1926 1014 est,

357 1043 419 1087 ut
474 1038 542 1087 ad
594 1037 912 1087 maleficium
967 1054 1122 1086 nemo
1176 1042 1397 1086 conetur
1448 1037 1570 1086 sine'
1613 1053 1705 1102 spe
1759 1042 1926 1101 atque

255 1120 321 1172 85
360 1122 718 1172 emolumento
737 1122 995 1170 accedere.
1071 1123 1229 1171 Hunc
1248 1121 1602 1185 quaesitorem
1621 1137 1682 1170 ac
1698 1120 1929 1170 iudicem

359 1205 634 1270 fugiebant
695 1210 858 1269 atque
918 1205 1204 1254 horrebant
1263 1204 1315 1263 ii,
1379 1187 1572 1269 quibus
1630 1203 1924 1269 periculum

359 1291 654 1346 creabatur,
690 1288 808 1337 ideo
842 1288 1001 1352 quod,
1037 1288 1253 1337 tametsi
1285 1287 1528 1337 veritatis
1561 1292 1674 1337 erat
1708 1286 1927 1345 amicus,
2005 1345 2020 1356 η’
2207 1280 2209 1284 ’

359 1367 540 1421 tamen
574 1378 768 1421 natura
801 1388 907 1420 non
941 1377 1054 1420 tam
1088 1387 1380 1436 propensus
1413 1372 1483 1421 ad
1514 1370 1932 1421 misericordiam
2125 1360 2133 1367 ’
2204 1356 2206 1364 ’

359 1473 523 1520 quam
566 1456 884 1521 implacatus
928 1456 996 1505 ad
1038 1455 1378 1504 severitatem
1421 1454 1720 1505 videbatur.
1794 1455 1941 1518 Egos

360 1556 689 1604 quamquam
738 1544 945 1604 praeest
994 1538 1115 1588 huic
1164 1539 1463 1603 quaestioni
1510 1538 1592 1587 vir
1639 1543 1692 1588 et
1740 1541 1932 1588 contra

359 1623 638 1674 audaciam
656 1614 973 1672 fortissimus
991 1628 1045 1672 et
1063 1623 1131 1671 ab
1149 1622 1452 1672 innocentia
1469 1621 1923 1680 clementissimus,

360 1712 542 1757 tamen
571 1707 724 1756 facile
752 1723 837 1756 me
865 1711 1076 1771 paterer
1103 1706 1187 1755 vel
1215 1706 1304 1755 illo
1332 1706 1447 1771 ipso
1477 1705 1728 1755 acerrimo
1756 1704 1932 1757 iudice

361 1795 649 1855 quaerente
676 1791 759 1839 vel
790 1789 934 1854 apud
962 1789 1238 1839 Cassianos
1265 1788 1478 1848 iudices,
1510 1805 1737 1854 quorum
1766 1787 1930 1838 etiarn

246 1922 249 1926 .
357 1891 500 1924 nunc
536 1874 588 1931 ii,
631 1873 823 1938 quibus
884 1889 1043 1923 causa
1081 1872 1306 1923 dicenda
1343 1877 1437 1932 est,
1502 1889 1696 1922 nomen
1754 1871 1931 1937 ipsum

257 1957 324 2008 86
361 1958 724 2016 reformidant,
749 1974 846 2022 pro
869 1957 985 2006 Sex.
1014 1957 1206 2007 Roscio
1229 1957 1414 2006 dicere.
1489 1957 1699 2005 XXXI.
1742 1957 1805 2004 In
1826 1955 1930 2006 hac

362 2042 502 2091 enirn
524 2058 683 2091 causa
704 2057 825 2090 cum
845 2040 1087 2090 viderent
1108 2040 1224 2089 illos
1246 2040 1626 2106 amplissimam
1646 2037 1928 2106 pecuniam

315 2158 317 2162 ι
362 2125 642 2191 possidere,
688 2125 828 2173 hunc
870 2124 924 2172 in
991 2140 1200 2173 summa
1240 2124 1584 2173 mendicitate
1627 2139 1752 2182 esse,
1797 2121 1933 2172 illud

363 2208 580 2273 quidem
625 2224 732 2257 non
780 2212 1110 2272 quaererent,
1160 2209 1243 2257 cui
1289 2208 1430 2257 bono
1475 2206 1679 2265 fuisset,
1729 2206 1823 2256 sed
1867 2221 1932 2256 eo

363 2292 639 2357 perspicuo
671 2291 868 2341 crimen
900 2296 953 2340 et
984 2290 1335 2355 suspicionem
1367 2290 1545 2356 potius
1577 2291 1647 2340 ad
1675 2289 1935 2356 praedam

364 2375 711 2438 adiungerent
752 2390 914 2439 quam
955 2375 1024 2423 ad
1064 2379 1369 2438 egestatem.
1444 2372 1599 2439 Quid,
1642 2374 1686 2423 si
1726 2371 1930 2423 accedit

364 2460 564 2516 eodem,
597 2463 659 2507 ut
690 2457 866 2507 tenuis
896 2463 1056 2507 antea
1086 2458 1245 2508 fueris
1269 2459 1288 2506 Ρ
1343 2457 1487 2523 quid,
1521 2458 1564 2507 si
1594 2462 1655 2507 ut
1686 2462 1880 2508 avarus
1901 2455 1926 2506 ἰ’

363 2541 508 2607 quid,
539 2542 582 2590 si
606 2546 668 2591 ut
697 2541 874 2591 audax
898 2542 917 2591 ?
968 2541 1112 2606 quid,
1143 2541 1185 2590 si
1211 2546 1273 2590 ut
1299 2541 1453 2600 illius,
1483 2541 1576 2605 qui
1603 2540 1804 2592 occisus
1830 2544 1930 2597 est,

356 2623 797 2674 inimicissimus?
860 2641 990 2673 num
1030 2626 1335 2689 quaerenda
1372 2641 1548 2683 causa,
1590 2640 1728 2689 quae
1766 2628 1821 2674 te
1860 2621 1934 2673 ad

365 2712 580 2757 tantum
607 2706 811 2757 facinus
837 2707 1119 2758 adduxerit
1143 2710 1162 2758 ?
1225 2707 1366 2773 Quid
1391 2724 1512 2772 ergo
1536 2709 1727 2758 horum
1751 2705 1936 2771 negari

363 2791 587 2857 potest?
661 2790 915 2841 Tenuitas
951 2790 1180 2841 hominis
1217 2791 1327 2842 eius
1364 2791 1510 2842 modi
1546 2795 1643 2850 est,
1681 2794 1744 2840 ut
1781 2787 1931 2840 dissi-

363 2874 555 2925 mulari
581 2890 687 2923 non
715 2879 878 2940 queat
905 2879 1069 2940 atque
1096 2891 1158 2924 eo
1183 2874 1352 2939 magis
1379 2875 1598 2932 eluceat,
1628 2890 1736 2939 quo
1761 2871 1946 2938 magis·

259 2960 328 3011 87
364 2958 676 3008 occultatur.
751 2956 1057 3013 Avaritiam,
1125 2958 1372 3023 praeferS,
1451 2958 1544 3023 qui
1619 2956 1934 3007 societatem
