2216 3288
296 899 365 948 50

291 1985 351 2034 51

282 2902 351 2952 52

407 279 471 327 18
868 270 1012 342 PRO
1060 270 1212 320 SEX.
1269 270 1524 320 ROSCIO

405 410 498 460 per
529 409 624 442 vos
656 392 828 441 vitam
861 395 914 440 et
948 390 1149 440 famam
1180 394 1360 455 potest
1393 391 1631 440 obtinere
1656 406 1666 449 ;
1719 392 1820 441 hoc
1849 408 1977 441 vero

403 483 500 536 est,
529 476 674 542 quod
699 474 821 524 ferri
858 490 965 523 non
991 478 1185 538 potest,
1214 475 1257 523 si
1297 478 1350 523 et
1375 473 1429 522 in
1454 475 1591 523 hanc
1617 474 1979 525 calamitatem

403 561 551 615 venit
575 564 791 625 propter
813 557 1151 623 praediorum
1174 556 1475 608 bonitatem
1499 562 1550 607 et
1574 557 1975 608 multitudinem

404 651 472 703 et,
505 644 649 709 quod
678 660 739 692 ea
766 641 1002 691 studiose
1030 640 1208 699 coluit,
1240 640 1295 690 id
1324 641 1422 689 erit
1451 642 1497 690 ei
1524 640 1756 691 maxime
1784 641 1974 701 fraudi,

403 735 463 779 ut
489 744 678 793 parum
703 726 943 775 miseriae
970 725 1053 783 sit,
1083 725 1227 788 quod
1254 724 1369 774 aliis
1395 724 1572 783 coluit,
1601 741 1708 774 non
1733 725 1848 783 sibi,
1876 725 1977 775 nisi

403 813 580 870 etiam,
617 810 761 875 quod
794 808 1010 858 omnino
1044 807 1222 865 coluit,
1259 807 1464 856 crimini
1497 807 1670 857 fuerit.

505 895 711 944 XVIII.
752 894 832 943 Ne
859 898 936 951 tu,
966 890 1140 950 Eruci,
1171 895 1449 941 accusator
1474 907 1611 941 esses
1637 891 1902 951 ridiculus,
1931 892 1976 942 si

403 980 502 1029 illis
535 977 864 1043 temporibus
897 980 1056 1026 natus
1090 991 1241 1033 esseS,
1279 991 1401 1024 cum
1435 976 1502 1024 ab
1537 980 1715 1046 aratro
1749 992 1971 1026 arcesse-

402 1066 615 1120 bantur,
637 1061 728 1126 qui
747 1060 987 1109 consules
1004 1060 1204 1109 fierent.
1244 1058 1460 1108 Etenim
1479 1059 1571 1124 qui
1587 1074 1828 1123 praeesse
1847 1076 1973 1123 agro

402 1146 621 1197 colendo
642 1144 902 1208 flagitium
923 1149 1094 1207 putes,
1119 1142 1358 1207 profecto
1378 1142 1527 1192 illum
1548 1142 1786 1202 Atilium,
1810 1160 1973 1207 quem

399 1248 495 1281 sua
531 1244 695 1278 manu
732 1232 1067 1292 spargentem
1104 1242 1296 1284 semen,
1337 1225 1429 1290 qui
1464 1226 1609 1276 missi
1646 1232 1812 1285 erant,
1851 1243 1973 1276 con-

399 1318 676 1369 venerunt,
712 1311 981 1361 hominem
1015 1309 1381 1374 turpissimum
1415 1316 1577 1375 atque
1609 1311 1971 1360 inhonestissi-

402 1414 550 1447 mum
598 1396 871 1445 iudicares
946 1395 1019 1443 At
1067 1395 1277 1443 hercule
1325 1393 1550 1444 maiores
1598 1394 1767 1443 nostri
1815 1395 1970 1459 longe

400 1482 553 1531 aliter
574 1485 626 1530 et
647 1479 712 1529 de
731 1479 820 1528 illo
841 1483 894 1527 et
914 1480 979 1528 de
1000 1478 1186 1527 ceteris
1205 1478 1403 1527 talibus
1421 1478 1550 1527 viris
1570 1477 1968 1537 existimabant,

399 1566 583 1629 itaque
603 1580 668 1612 ex
687 1561 909 1612 minima
929 1562 1346 1625 tenuissimaque
1366 1577 1420 1610 re
1441 1562 1656 1628 publica
1674 1562 1969 1612 maximam

400 1654 453 1699 et
480 1646 906 1697 florentissimam
932 1644 1084 1695 nobis
1111 1646 1450 1709 reliquerunt.
1491 1646 1624 1695 Suos
1651 1646 1790 1696 enim
1818 1661 1971 1711 agros

400 1732 635 1781 studiose
677 1731 938 1789 colebant,
983 1745 1089 1778 non
1133 1729 1329 1779 alienos
1371 1730 1560 1796 cupide
1603 1729 1966 1797 adpetebant;

400 1816 594 1880 quibus
627 1815 783 1863 rebus
817 1818 869 1863 et
906 1815 1042 1877 agris
1079 1803 1141 1862 ⁸et
1176 1813 1396 1862 urbibus
1430 1820 1483 1865 et
1518 1813 1824 1864 nationibus
1857 1830 1968 1863 rem

398 1899 666 1964 publicam
716 1903 878 1962 atque
926 1899 1026 1946 hoc
1073 1898 1353 1961 imperium
1403 1904 1454 1947 et
1503 1896 1687 1963 populi
1735 1896 1966 1947 Romani

397 1999 590 2032 nomen
628 1988 905 2031 auxerunt.
979 1980 1165 2045 Neque
1203 1997 1296 2045 ego
1332 1982 1463 2031 haec
1500 1998 1560 2031 eo
1596 1982 1820 2046 protero,
1860 1996 1967 2045 quo

399 2065 715 2115 conferenda
735 2065 841 2113 sint
862 2081 983 2114 cum
1003 2063 1159 2122 hisce,
1185 2064 1249 2114 de
1270 2064 1463 2128 quibus
1483 2081 1623 2115 nunc
1645 2065 1962 2130 quaerimus,

398 2150 491 2199 sed
523 2154 583 2198 ut
616 2148 747 2215 illud
778 2149 1129 2212 intellegatur,
1168 2165 1289 2198 cum
1323 2150 1468 2212 apud
1499 2147 1723 2218 maiores
1755 2153 1966 2199 nostros

397 2233 590 2283 summi
615 2231 717 2282 viri
745 2232 1122 2295 clarissimique
1149 2232 1404 2290 homine5‚
1435 2233 1527 2297 qui
1555 2232 1699 2283 o'mni
1726 2237 1966 2298 tempore

398 2318 467 2366 ad
495 2316 853 2381 gubernacula
881 2316 955 2365 rei
983 2316 1227 2380 publicae
1257 2316 1436 2365 sedere
1465 2316 1748 2374 debebant,
1780 2322 1965 2366 tamen

393 2401 448 2449 in
495 2400 632 2464 agris
677 2416 889 2464 quoque
935 2399 1166 2449 colendis
1212 2401 1548 2464 aliquantum
1594 2415 1784 2466 operae
1829 2405 1963 2449 tem·
2030 2447 2036 2451 .

393 2484 640 2549 porisque
676 2483 1113 2548 consumpserint,
1152 2483 1351 2548 ignosci
1385 2489 1627 2549 oportere
1663 2484 1710 2533 ei
1741 2481 1962 2540 homini,

393 2568 486 2632 qui
532 2583 586 2616 se
633 2566 867 2617 fateatur
914 2583 1023 2616 esse
1070 2568 1342 2626 rusticum,
1393 2584 1514 2618 cum
1560 2567 1668 2617 ruri
1714 2567 1962 2617 assiduus

393 2666 598 2715 semper
624 2650 832 2709 vixerit,
864 2667 986 2700 cum
1012 2651 1323 2716 praesertim
1350 2650 1482 2702 nihil
1510 2656 1661 2710 esset,
1694 2651 1839 2715 quod
1867 2655 1961 2700 aut

392 2734 533 2798 patri
558 2734 760 2798 gratius
786 2739 880 2783 aut
906 2733 1006 2784 sibi
1031 2734 1312 2784 iucundius
1339 2741 1433 2785 aut
1459 2752 1514 2785 re
1538 2751 1665 2786 vera
1689 2732 1964 2785 honestius

390 2818 560 2867 facere
587 2822 780 2882 posset.

491 2899 687 2950 Odium
719 2900 880 2966 igitur
912 2901 1227 2951 acerrimum
1258 2902 1430 2967 patris
1461 2903 1516 2951 in
1549 2902 1716 2951 filium
1748 2919 1813 2951 ex
1844 2903 1961 2960 hoc,
