2216 3288
367 346 434 394 48
832 343 975 392 PRo
1023 343 1181 394 SEX.
1235 342 1490 395 Rosclo
1523 420 1525 422 Ι

373 462 545 512 fateor
569 477 579 520 ;
634 461 716 512 sin
749 466 931 512 autem
963 465 1177 512 constat
1209 466 1402 513 contra
1428 477 1611 512 omnes
1643 477 1751 511 non
1782 461 1951 512 modo

372 551 579 595 veteres
632 547 786 610 lege5‚
845 562 1031 595 verum
1086 545 1249 594 etiam
1303 561 1471 595 novas
1525 544 1782 595 occisum'
1810 560 1941 602 esse,

373 630 515 678 bona
544 646 650 694 quo
677 628 789 678 iure
819 634 914 678 aut
942 646 1049 694 quo
1077 628 1237 678 modo
1265 633 1361 678 aut
1389 645 1497 693 qua
1523 629 1635 694 lege
1662 627 1946 687 venierint,

373 729 584 778 quaem.

233 797 334 848 127
474 796 664 845 XLIV.
707 798 771 845 In
802 812 962 861 quem
993 796 1091 845 hoc
1123 795 1312 874 dicam,
1346 794 1570 860 quaeris
1604 795 1778 845 Eruci.
1817 795 1942 845 Non

370 879 425 928 in
446 896 581 938 eum,
605 896 765 944 quem
783 879 865 928 vis
885 885 937 929 et
958 884 1152 944 putas·;
1194 895 1319 928 nam
1340 879 1540 928 Sullam
1560 882 1612 928 et
1633 877 1803 928 oratio
1821 894 1943 928 mea

373 964 440 1012 ab
459 962 611 1012 initio
630 969 682 1012 et
700 963 864 1027 ipsius
883 962 1077 1012 eximia
1093 962 1264 1012 virtus
1283 962 1427 1012 omni
1445 967 1683 1027 tempore
1699 959 1986 1029 purg-avit(
2007 982 2009 984 ’

375 1047 490 1110 Ego
517 1047 646 1095 haec
673 1046 852 1096 omnia
879 1047 1278 1111 Chrysogonum
1306 1045 1487 1095 fecisse
1513 1044 1646 1103 dico,
1676 1050 1739 1094 ut
1765 1061 1940 1095 emen-

368 1130 574 1188 tiretur‚
595 1136 656 1180 ut
681 1131 884 1180 malum
915 1130 1086 1179 civem
1110 1129 1228 1181 Sex,
1257 1130 1482 1179 Rocium
1508 1129 1671 1180 fuisse
1693 1129 1936 1194 fingeret,

373 1217 434 1261 ut
463 1229 582 1262 eum
610 1214 754 1278 apud
782 1213 1110 1263 adversarios
1136 1213 1366 1262 occisum
1394 1229 1503 1262 esse
1530 1212 1740 1271 diceret,
1771 1217 1832 1262 ut
1858 1210 1944 1261 his

372 1296 439 1345 de
483 1298 638 1346 rebus
685 1314 715 1346 a
760 1297 947 1361 legatis
992 1297 1363 1346 Amerinorum
1409 1295 1582 1345 doceri
1628 1297 1684 1345 L.
1735 1295 1937 1345 Sullam

372 1396 559 1444 passus
624 1397 731 1429 non
795 1380 880 1430 sit.
955 1380 1198 1444 Denique
1265 1380 1427 1428 etiam
1490 1379 1623 1428 illud
1686 1379 1940 1445 suspicor,

372 1463 588 1512 omnino
622 1465 751 1512 haec
784 1464 925 1513 bona
959 1480 1066 1513 non
1099 1463 1304 1512 venisse
1328 1479 1338 1521 ;
1393 1463 1449 1512 id
1482 1463 1627 1527 quod
1659 1467 1859 1528 postea,
1896 1461 1945 1511 si

235 1548 335 1598 128
371 1563 464 1611 per
517 1564 627 1604 vos,
684 1547 897 1605 iudices,
953 1547 1158 1596 licitum
1212 1546 1326 1605 erit,
1384 1546 1662 1611 aperietur.
1691 1538 1701 1546 ’
1736 1545 1944 1611 Opinor

373 1629 513 1678 enirn
564 1646 673 1679 esse
723 1630 777 1679 in
826 1631 953 1694 lege,
1007 1647 1170 1695 quam
1221 1631 1290 1679 ad
1339 1629 1478 1679 diem
1528 1629 1943 1695 proscriptiones
2078 1616 2167 1707 ,Δί-’ζ

371 1713 811 1778 venditionesque
835 1714 984 1772 fiant,
1012 1713 1285 1763 Kalendas
1310 1713 1503 1762 Iunias.
1576 1712 1796 1777 Aliquot
1819 1708 1946 1778 post

370 1813 577 1845 menses
603 1802 655 1846 et
681 1799 840 1846 homo
866 1796 1067 1847 occisus
1093 1802 1172 1846 est
1199 1801 1251 1846 et
1276 1797 1419 1846 bona
1443 1795 1647 1845 venisse
1673 1792 1937 1846 dicuntur.

373 1880 618 1929 Profecto
662 1885 756 1929 aut
799 1882 929 1930 haec
972 1882 1115 1930 bona
1156 1880 1211 1929 in
1254 1880 1470 1929 tabulas
1513 1880 1752 1944 publicas
1794 1876 1943 1929 nulla

370 1963 655 2022 redierunt,
683 1980 884 2029 nosque
909 1965 976 2013 ab
1001 1963 1104 2013 isto
1127 1963 1390 2012 nebulone
1415 1962 1638 2012 facetius
1661 1962 1941 2021 eludimur,
2015 2011 2023 2014 ,

371 2062 534 2110 quam
572 2052 842 2111 putamus
884 2052 994 2106 aut,
1036 2047 1079 2096 si
1117 2047 1401 2104 redierunt,
1442 2046 1659 2096 tabulae
1695 2045 1942 2111 publicae

371 2135 651 2195 corruptae
697 2127 876 2195 aliqua
920 2131 1125 2180 ratione
1170 2130 1330 2188 sunt;
1396 2146 1523 2179 nam
1566 2130 1678 2193 lege
1723 2128 1940 2194 quidem

368 2213 512 2262 bona
563 2213 742 2263 venire
794 2230 901 2263 non
954 2214 1190 2278 potuisse
1242 2218 1468 2263 constat.
1545 2213 1802 2278 Intellego
1853 2228 1944 2262 me

371 2301 497 2345 ante
526 2300 754 2361 tempus
786 2297 1001 2355 iudiceS‚
1034 2298 1163 2346 haec
1193 2297 1416 2346 scrutari
1446 2301 1499 2346 et
1529 2313 1692 2362 prope
1720 2294 1946 2346 modum,

281 2379 295 2388 ’
371 2395 557 2437 errare,
598 2380 704 2444 qui,
745 2397 866 2430 cum
905 2380 1068 2446 capiti
1107 2381 1223 2430 Sex.
1267 2380 1425 2429 Rosci
1461 2380 1659 2429 mederi
1696 2379 1940 2437 debeam,

369 2463 648 2512 reduviam
664 2480 860 2514 curem.
933 2463 1055 2514 Non
1081 2464 1221 2513 enim
1247 2464 1454 2513 laborat
1477 2462 1543 2512 de
1559 2464 1803 2528 pecunia,
1830 2479 1940 2523 non

368 2544 523 2595 ullius
550 2546 810 2596 rationem
837 2546 918 2596 sui
944 2546 1210 2596 commodi
1237 2546 1384 2596 ducit
1409 2562 1419 2605 ;
1467 2546 1619 2596 facile
1646 2550 1939 2611 egestatem

371 2644 523 2678 suam
553 2645 607 2678 56
636 2630 871 2679 laturum
901 2635 1075 2695 putat,
1110 2630 1153 2679 si
1182 2631 1282 2680 hac
1312 2630 1530 2694 indigna
1560 2629 1856 2696 suspicione
1885 2633 1940 2680 et

233 2712 332 2763 129
370 2711 495 2761 ficto
535 2712 751 2762 crimine
786 2713 1041 2763 liberatus
1077 2713 1161 2763 sit.
1236 2714 1433 2763 Verum
1469 2729 1666 2778 quaeso
1702 2729 1735 2762 a
1769 2711 1936 2771 vobiS‚

367 2794 580 2853 iudiceS‚
610 2800 671 2844 ut
696 2797 825 2846 haec
850 2813 1037 2862 pauca,
1066 2813 1204 2862 quae
1241 2801 1461 2856 restant,
1488 2796 1567 2846 ita
1604 2795 1849 2854 audiatiS‚
1875 2797 1943 2847 ut

350 2878 566 2943 partim
604 2895 689 2927 me
727 2878 898 2929 dicere
934 2895 1031 2945 pro
1068 2897 1154 2929 me
1190 2879 1307 2945 ipso
1343 2879 1560 2945 putetis,
1602 2877 1803 2944 partim
1839 2894 1939 2944 pro

371 2961 489 3011 SeX.
536 2962 744 3012 Roscio,
819 2964 967 3028 Quae
1009 2963 1150 3014 enim
1190 2963 1321 3014 mihi
1362 2963 1464 3027 ipsi
1504 2962 1723 3028 indigna
1764 2966 1819 3012 et
1841 2945 1942 3011 ’in-
