<?xml version="1.0" encoding="UTF-8"?>
<!DOCTYPE html PUBLIC "-//W3C//DTD XHTML 1.0 Transitional//EN"
    "http://www.w3.org/TR/xhtml1/DTD/xhtml1-transitional.dtd">
<html xmlns="http://www.w3.org/1999/xhtml" xml:lang="en" lang="en">
 <head>
  <title>
</title>
<meta http-equiv="Content-Type" content="text/html;charset=utf-8" />
  <meta name='ocr-system' content='tesseract 3.04.00' />
  <meta name='ocr-capabilities' content='ocr_page ocr_carea ocr_par ocr_line ocrx_word'/>
</head>
<body>
  <div class='ocr_page' id='page_1' title='image "./proroscioamerino00ciceuoft/proroscioamerino00ciceuoft_0041.png"; bbox 0 0 2216 3288; ppageno 0'>
   <div class='ocr_carea' id='block_1_1' title="bbox 0 0 165 3288">
    <p class='ocr_par' dir='ltr' id='par_1_1' title="bbox 0 0 165 3288">
     <span class='ocr_line' id='line_1_1' title="bbox 0 0 165 3288; baseline 0 0"><span class='ocrx_word' id='word_1_1' title='bbox 0 0 165 3288; x_wconf 95' lang='lat' dir='ltr'> </span> 
     </span>
    </p>
   </div>
   <div class='ocr_carea' id='block_1_2' title="bbox 662 364 1882 430">
    <p class='ocr_par' dir='ltr' id='par_1_2' title="bbox 662 364 1882 430">
     <span class='ocr_line' id='line_1_2' title="bbox 662 364 1882 430; baseline -0.002 -16"><span class='ocrx_word' id='word_1_2' title='bbox 662 364 807 415; x_wconf 83' lang='lat' dir='ltr'><strong>CAP.</strong></span> <span class='ocrx_word' id='word_1_3' title='bbox 860 365 1220 415; x_wconf 78' lang='lat' dir='ltr'>XIX--XXL</span> <span class='ocrx_word' id='word_1_4' title='bbox 1294 366 1552 430; x_wconf 79' lang='lat'>§54-58</span> <span class='ocrx_word' id='word_1_5' title='bbox 1823 365 1882 412; x_wconf 87' lang='lat'>21</span> 
     </span>
    </p>
   </div>
   <div class='ocr_carea' id='block_1_3' title="bbox 318 483 1984 3031">
    <p class='ocr_par' dir='ltr' id='par_1_3' title="bbox 321 483 1984 2036">
     <span class='ocr_line' id='line_1_3' title="bbox 330 483 1881 548; baseline -0.001 -17"><span class='ocrx_word' id='word_1_6' title='bbox 330 487 449 531; x_wconf 91' lang='lat' dir='ltr'>tum</span> <span class='ocrx_word' id='word_1_7' title='bbox 483 483 645 548; x_wconf 81' lang='lat' dir='ltr'>aliqui</span> <span class='ocrx_word' id='word_1_8' title='bbox 678 484 933 541; x_wconf 87' lang='lat' dir='ltr'>venerint,</span> <span class='ocrx_word' id='word_1_9' title='bbox 971 483 1170 547; x_wconf 83' lang='lat' dir='ltr'>opinor,</span> <span class='ocrx_word' id='word_1_10' title='bbox 1207 484 1269 532; x_wconf 90' lang='lat' dir='ltr'>iis</span> <span class='ocrx_word' id='word_1_11' title='bbox 1302 499 1454 533; x_wconf 89' lang='lat' dir='ltr'>crura</span> <span class='ocrx_word' id='word_1_12' title='bbox 1487 483 1881 546; x_wconf 80' lang='lat' dir='ltr'>suffringantur,</span> 
     </span>
     <span class='ocr_line' id='line_1_4' title="bbox 328 564 1879 630; baseline 0 -16"><span class='ocrx_word' id='word_1_13' title='bbox 328 566 476 630; x_wconf 94' lang='lat' dir='ltr'>quod</span> <span class='ocrx_word' id='word_1_14' title='bbox 507 582 651 616; x_wconf 88' lang='lat' dir='ltr'>acres</span> <span class='ocrx_word' id='word_1_15' title='bbox 683 566 788 615; x_wconf 89' lang='lat' dir='ltr'>sint</span> <span class='ocrx_word' id='word_1_16' title='bbox 845 565 1006 615; x_wconf 86' lang='lat' dir='ltr'>etiam</span> <span class='ocrx_word' id='word_1_17' title='bbox 1040 570 1171 624; x_wconf 91' lang='lat' dir='ltr'>tum,</span> <span class='ocrx_word' id='word_1_18' title='bbox 1208 582 1328 615; x_wconf 91' lang='lat' dir='ltr'>cum</span> <span class='ocrx_word' id='word_1_19' title='bbox 1361 566 1585 630; x_wconf 92' lang='lat' dir='ltr'>suspicio</span> <span class='ocrx_word' id='word_1_20' title='bbox 1618 564 1763 614; x_wconf 88' lang='lat' dir='ltr'>nulla</span> <span class='ocrx_word' id='word_1_21' title='bbox 1795 564 1879 614; x_wconf 88' lang='lat' dir='ltr'>sit.</span> 
     </span>
     <span class='ocr_line' id='line_1_5' title="bbox 329 647 1984 698; baseline 0.001 -1"><span class='ocrx_word' id='word_1_22' title='bbox 329 647 604 697; x_wconf 87' lang='lat' dir='ltr'>Simillima</span> <span class='ocrx_word' id='word_1_23' title='bbox 640 654 718 697; x_wconf 91' lang='lat' dir='ltr'>est</span> <span class='ocrx_word' id='word_1_24' title='bbox 755 653 1121 698; x_wconf 69' lang='lat' dir='ltr'>accusatorum</span> <span class='ocrx_word' id='word_1_25' title='bbox 1158 650 1308 698; x_wconf 90' lang='lat' dir='ltr'>ratio.</span> <span class='ocrx_word' id='word_1_26' title='bbox 1381 649 1482 698; x_wconf 89' lang='lat' dir='ltr'>Alii</span> <span class='ocrx_word' id='word_1_27' title='bbox 1518 654 1755 696; x_wconf 75' lang='lat' dir='ltr'>vestrum</span> <span class='ocrx_word' id='word_1_28' title='bbox 1792 663 1883 695; x_wconf 87' lang='lat' dir='ltr'>an-</span> <span class='ocrx_word' id='word_1_29' title='bbox 1917 648 1984 698; x_wconf 83' lang='grc'>57</span> 
     </span>
     <span class='ocr_line' id='line_1_6' title="bbox 327 731 1883 795; baseline -0.001 -16"><span class='ocrx_word' id='word_1_30' title='bbox 327 746 465 780; x_wconf 87' lang='lat' dir='ltr'>seres</span> <span class='ocrx_word' id='word_1_31' title='bbox 503 736 643 789; x_wconf 91' lang='lat' dir='ltr'>sunt,</span> <span class='ocrx_word' id='word_1_32' title='bbox 685 731 776 795; x_wconf 92' lang='lat' dir='ltr'>qui</span> <span class='ocrx_word' id='word_1_33' title='bbox 815 736 1026 780; x_wconf 90' lang='lat' dir='ltr'>tantum</span> <span class='ocrx_word' id='word_1_34' title='bbox 1067 732 1225 781; x_wconf 90' lang='lat' dir='ltr'>modo</span> <span class='ocrx_word' id='word_1_35' title='bbox 1264 732 1510 788; x_wconf 85' lang='lat' dir='ltr'>clamant,</span> <span class='ocrx_word' id='word_1_36' title='bbox 1554 746 1738 780; x_wconf 89' lang='lat' dir='ltr'>nocere</span> <span class='ocrx_word' id='word_1_37' title='bbox 1777 745 1883 779; x_wconf 93' lang='lat' dir='ltr'>non</span> 
     </span>
     <span class='ocr_line' id='line_1_7' title="bbox 327 814 1880 879; baseline -0.001 -17"><span class='ocrx_word' id='word_1_38' title='bbox 327 819 565 878; x_wconf 79' lang='lat' dir='ltr'>possunt,</span> <span class='ocrx_word' id='word_1_39' title='bbox 594 814 682 863; x_wconf 85' lang='lat' dir='ltr'>alii</span> <span class='ocrx_word' id='word_1_40' title='bbox 707 830 862 864; x_wconf 89' lang='lat' dir='ltr'>canes</span> <span class='ocrx_word' id='word_1_41' title='bbox 888 815 980 879; x_wconf 94' lang='lat' dir='ltr'>qui</span> <span class='ocrx_word' id='word_1_42' title='bbox 1006 820 1058 863; x_wconf 91' lang='lat' dir='ltr'>et</span> <span class='ocrx_word' id='word_1_43' title='bbox 1084 815 1276 864; x_wconf 87' lang='lat' dir='ltr'>latrare</span> <span class='ocrx_word' id='word_1_44' title='bbox 1303 819 1354 863; x_wconf 90' lang='lat' dir='ltr'>et</span> <span class='ocrx_word' id='word_1_45' title='bbox 1381 815 1617 863; x_wconf 90' lang='lat' dir='ltr'>mordere</span> <span class='ocrx_word' id='word_1_46' title='bbox 1643 817 1880 878; x_wconf 83' lang='lat' dir='ltr'>possunt.</span> 
     </span>
     <span class='ocr_line' id='line_1_8' title="bbox 326 895 1883 961; baseline 0 -17"><span class='ocrx_word' id='word_1_47' title='bbox 326 895 536 946; x_wconf 88' lang='lat' dir='ltr'>Cibaria</span> <span class='ocrx_word' id='word_1_48' title='bbox 562 896 713 946; x_wconf 86' lang='lat' dir='ltr'>vobis</span> <span class='ocrx_word' id='word_1_49' title='bbox 738 897 975 961; x_wconf 87' lang='lat' dir='ltr'>praeberi</span> <span class='ocrx_word' id='word_1_50' title='bbox 1001 897 1242 946; x_wconf 89' lang='lat' dir='ltr'>videmus</span> <span class='ocrx_word' id='word_1_51' title='bbox 1266 913 1275 955; x_wconf 89' lang='lat'>;</span> <span class='ocrx_word' id='word_1_52' title='bbox 1324 913 1420 946; x_wconf 86' lang='lat' dir='ltr'>vos</span> <span class='ocrx_word' id='word_1_53' title='bbox 1447 901 1626 945; x_wconf 88' lang='lat' dir='ltr'>autem</span> <span class='ocrx_word' id='word_1_54' title='bbox 1653 895 1883 944; x_wconf 83' lang='lat' dir='ltr'>maxime</span> 
     </span>
     <span class='ocr_line' id='line_1_9' title="bbox 326 979 1883 1044; baseline 0 -16"><span class='ocrx_word' id='word_1_55' title='bbox 326 979 533 1028; x_wconf 90' lang='lat' dir='ltr'>debetis</span> <span class='ocrx_word' id='word_1_56' title='bbox 564 979 618 1027; x_wconf 92' lang='lat' dir='ltr'>in</span> <span class='ocrx_word' id='word_1_57' title='bbox 653 996 740 1029; x_wconf 91' lang='lat' dir='ltr'>eos</span> <span class='ocrx_word' id='word_1_58' title='bbox 772 979 1031 1044; x_wconf 89' lang='lat' dir='ltr'>impetum</span> <span class='ocrx_word' id='word_1_59' title='bbox 1066 979 1248 1037; x_wconf 82' lang='lat' dir='ltr'>facere,</span> <span class='ocrx_word' id='word_1_60' title='bbox 1287 979 1378 1043; x_wconf 91' lang='lat' dir='ltr'>qui</span> <span class='ocrx_word' id='word_1_61' title='bbox 1411 985 1691 1028; x_wconf 90' lang='lat' dir='ltr'>merentur.</span> <span class='ocrx_word' id='word_1_62' title='bbox 1766 979 1883 1028; x_wconf 90' lang='lat' dir='ltr'>Hoc</span> 
     </span>
     <span class='ocr_line' id='line_1_10' title="bbox 327 1061 1882 1126; baseline 0.001 -17"><span class='ocrx_word' id='word_1_63' title='bbox 327 1062 524 1126; x_wconf 92' lang='lat' dir='ltr'>populo</span> <span class='ocrx_word' id='word_1_64' title='bbox 563 1062 919 1126; x_wconf 84' lang='lat' dir='ltr'>gratissimum</span> <span class='ocrx_word' id='word_1_65' title='bbox 960 1067 1054 1111; x_wconf 88' lang='lat' dir='ltr'>est.</span> <span class='ocrx_word' id='word_1_66' title='bbox 1127 1062 1345 1119; x_wconf 78' lang='lat' dir='ltr'>Deinde,</span> <span class='ocrx_word' id='word_1_67' title='bbox 1390 1063 1432 1110; x_wconf 93' lang='lat' dir='ltr'>si</span> <span class='ocrx_word' id='word_1_68' title='bbox 1472 1062 1676 1118; x_wconf 87' lang='lat' dir='ltr'>voletis,</span> <span class='ocrx_word' id='word_1_69' title='bbox 1720 1061 1882 1110; x_wconf 87' lang='lat' dir='ltr'>etiam</span> 
     </span>
     <span class='ocr_line' id='line_1_11' title="bbox 326 1132 1882 1209; baseline 0 -17"><span class='ocrx_word' id='word_1_70' title='bbox 326 1148 459 1199; x_wconf 85' lang='lat' dir='ltr'>tum,</span> <span class='ocrx_word' id='word_1_71' title='bbox 502 1160 622 1194; x_wconf 91' lang='lat' dir='ltr'>cum</span> <span class='ocrx_word' id='word_1_72' title='bbox 659 1132 771 1193; x_wconf 85' lang='lat' dir='ltr'>veri</span> <span class='ocrx_word' id='word_1_73' title='bbox 809 1145 974 1194; x_wconf 87' lang='lat' dir='ltr'>simile</span> <span class='ocrx_word' id='word_1_74' title='bbox 1014 1145 1112 1194; x_wconf 89' lang='lat' dir='ltr'>erit</span> <span class='ocrx_word' id='word_1_75' title='bbox 1151 1145 1379 1209; x_wconf 89' lang='lat' dir='ltr'>aliquem</span> <span class='ocrx_word' id='word_1_76' title='bbox 1430 1144 1763 1202; x_wconf 87' lang='lat' dir='ltr'>commisisse,</span> <span class='ocrx_word' id='word_1_77' title='bbox 1810 1144 1882 1207; x_wconf 88' lang='lat' dir='ltr'>[in</span> 
     </span>
     <span class='ocr_line' id='line_1_12' title="bbox 323 1226 1885 1292; baseline 0.001 -17"><span class='ocrx_word' id='word_1_78' title='bbox 323 1226 636 1292; x_wconf 78' lang='lat' dir='ltr'>suspicione]</span> <span class='ocrx_word' id='word_1_79' title='bbox 661 1228 911 1277; x_wconf 85' lang='lat' dir='ltr'>latratote</span> <span class='ocrx_word' id='word_1_80' title='bbox 937 1243 947 1286; x_wconf 90' lang='lat'>;</span> <span class='ocrx_word' id='word_1_81' title='bbox 970 1227 1025 1276; x_wconf 93' lang='lat' dir='ltr'>id</span> <span class='ocrx_word' id='word_1_82' title='bbox 1047 1243 1257 1291; x_wconf 93' lang='lat' dir='ltr'>quoque</span> <span class='ocrx_word' id='word_1_83' title='bbox 1280 1227 1495 1277; x_wconf 83' lang='lat' dir='ltr'>concedi</span> <span class='ocrx_word' id='word_1_84' title='bbox 1528 1231 1718 1291; x_wconf 84' lang='lat' dir='ltr'>potest.</span> <span class='ocrx_word' id='word_1_85' title='bbox 1793 1226 1885 1277; x_wconf 85' lang='lat' dir='ltr'>Sin</span> 
     </span>
     <span class='ocr_line' id='line_1_13' title="bbox 321 1310 1881 1375; baseline 0.001 -17"><span class='ocrx_word' id='word_1_86' title='bbox 321 1314 504 1358; x_wconf 84' lang='lat' dir='ltr'>autem</span> <span class='ocrx_word' id='word_1_87' title='bbox 525 1310 596 1359; x_wconf 90' lang='lat' dir='ltr'>sic</span> <span class='ocrx_word' id='word_1_88' title='bbox 618 1310 798 1374; x_wconf 86' lang='lat' dir='ltr'>agetis,</span> <span class='ocrx_word' id='word_1_89' title='bbox 821 1316 882 1359; x_wconf 91' lang='lat' dir='ltr'>ut</span> <span class='ocrx_word' id='word_1_90' title='bbox 903 1310 1136 1374; x_wconf 85' lang='lat' dir='ltr'>arguatis</span> <span class='ocrx_word' id='word_1_91' title='bbox 1156 1310 1386 1375; x_wconf 90' lang='lat' dir='ltr'>aliquem</span> <span class='ocrx_word' id='word_1_92' title='bbox 1405 1315 1611 1375; x_wconf 88' lang='lat' dir='ltr'>patrem</span> <span class='ocrx_word' id='word_1_93' title='bbox 1631 1310 1881 1360; x_wconf 91' lang='lat' dir='ltr'>occidisse</span> 
     </span>
     <span class='ocr_line' id='line_1_14' title="bbox 323 1393 1879 1458; baseline 0.001 -17"><span class='ocrx_word' id='word_1_94' title='bbox 323 1408 494 1456; x_wconf 87' lang='lat' dir='ltr'>neque</span> <span class='ocrx_word' id='word_1_95' title='bbox 531 1393 700 1442; x_wconf 87' lang='lat' dir='ltr'>dicere</span> <span class='ocrx_word' id='word_1_96' title='bbox 735 1393 963 1457; x_wconf 87' lang='lat' dir='ltr'>possitis,</span> <span class='ocrx_word' id='word_1_97' title='bbox 1003 1398 1096 1442; x_wconf 87' lang='lat' dir='ltr'>aut</span> <span class='ocrx_word' id='word_1_98' title='bbox 1133 1410 1295 1457; x_wconf 89' lang='lat' dir='ltr'>quare</span> <span class='ocrx_word' id='word_1_99' title='bbox 1331 1398 1425 1443; x_wconf 86' lang='lat' dir='ltr'>aut</span> <span class='ocrx_word' id='word_1_100' title='bbox 1462 1410 1567 1458; x_wconf 92' lang='lat' dir='ltr'>quo</span> <span class='ocrx_word' id='word_1_101' title='bbox 1605 1394 1777 1451; x_wconf 91' lang='lat' dir='ltr'>mod0‚</span> <span class='ocrx_word' id='word_1_102' title='bbox 1819 1410 1879 1443; x_wconf 88' lang='lat' dir='ltr'>ac</span> 
     </span>
     <span class='ocr_line' id='line_1_15' title="bbox 325 1476 1880 1541; baseline 0.002 -19"><span class='ocrx_word' id='word_1_103' title='bbox 325 1478 539 1523; x_wconf 88' lang='lat' dir='ltr'>tantum</span> <span class='ocrx_word' id='word_1_104' title='bbox 561 1476 718 1525; x_wconf 93' lang='lat' dir='ltr'>modo</span> <span class='ocrx_word' id='word_1_105' title='bbox 741 1476 850 1525; x_wconf 90' lang='lat' dir='ltr'>sine</span> <span class='ocrx_word' id='word_1_106' title='bbox 873 1476 1165 1541; x_wconf 89' lang='lat' dir='ltr'>suspicione</span> <span class='ocrx_word' id='word_1_107' title='bbox 1187 1476 1465 1534; x_wconf 55' lang='lat' dir='ltr'>latrabitis</span> <span class='ocrx_word' id='word_1_108' title='bbox 1492 1493 1644 1525; x_wconf 89' lang='lat' dir='ltr'>crura</span> <span class='ocrx_word' id='word_1_109' title='bbox 1666 1477 1880 1541; x_wconf 88' lang='lat' dir='ltr'>quidem</span> 
     </span>
     <span class='ocr_line' id='line_1_16' title="bbox 323 1556 1872 1623; baseline 0.001 -17"><span class='ocrx_word' id='word_1_110' title='bbox 323 1556 476 1606; x_wconf 92' lang='lat' dir='ltr'>vobis</span> <span class='ocrx_word' id='word_1_111' title='bbox 516 1574 670 1607; x_wconf 92' lang='lat' dir='ltr'>nemo</span> <span class='ocrx_word' id='word_1_112' title='bbox 713 1558 1002 1623; x_wconf 83' lang='lat' dir='ltr'>suffringet,</span> <span class='ocrx_word' id='word_1_113' title='bbox 1048 1559 1154 1616; x_wconf 91' lang='lat' dir='ltr'>sed,</span> <span class='ocrx_word' id='word_1_114' title='bbox 1199 1559 1242 1608; x_wconf 88' lang='lat' dir='ltr'>si</span> <span class='ocrx_word' id='word_1_115' title='bbox 1285 1574 1378 1623; x_wconf 86' lang='lat' dir='ltr'>ego</span> <span class='ocrx_word' id='word_1_116' title='bbox 1420 1561 1516 1608; x_wconf 90' lang='lat' dir='ltr'>hos</span> <span class='ocrx_word' id='word_1_117' title='bbox 1555 1562 1690 1608; x_wconf 89' lang='lat' dir='ltr'>bene</span> <span class='ocrx_word' id='word_1_118' title='bbox 1731 1560 1872 1618; x_wconf 88' lang='lat' dir='ltr'>novi,</span> 
     </span>
     <span class='ocr_line' id='line_1_17' title="bbox 323 1640 1878 1706; baseline 0.002 -18"><span class='ocrx_word' id='word_1_119' title='bbox 323 1640 558 1689; x_wconf 77' lang='lat' dir='ltr'>litteram</span> <span class='ocrx_word' id='word_1_120' title='bbox 577 1641 737 1700; x_wconf 91' lang='lat' dir='ltr'>illam,</span> <span class='ocrx_word' id='word_1_121' title='bbox 762 1641 845 1690; x_wconf 92' lang='lat' dir='ltr'>cui</span> <span class='ocrx_word' id='word_1_122' title='bbox 865 1658 962 1691; x_wconf 89' lang='lat' dir='ltr'>vos</span> <span class='ocrx_word' id='word_1_123' title='bbox 982 1657 1148 1706; x_wconf 91' lang='lat' dir='ltr'>usque</span> <span class='ocrx_word' id='word_1_124' title='bbox 1170 1658 1229 1691; x_wconf 91' lang='lat' dir='ltr'>eo</span> <span class='ocrx_word' id='word_1_125' title='bbox 1250 1641 1448 1691; x_wconf 90' lang='lat' dir='ltr'>inimici</span> <span class='ocrx_word' id='word_1_126' title='bbox 1469 1642 1608 1699; x_wconf 79' lang='lat' dir='ltr'>estiS,</span> <span class='ocrx_word' id='word_1_127' title='bbox 1634 1648 1692 1691; x_wconf 88' lang='lat' dir='ltr'>ut</span> <span class='ocrx_word' id='word_1_128' title='bbox 1716 1643 1878 1692; x_wconf 90' lang='lat' dir='ltr'>etiam</span> 
     </span>
     <span class='ocr_line' id='line_1_18' title="bbox 325 1723 1877 1793; baseline 0.003 -22"><span class='ocrx_word' id='word_1_129' title='bbox 325 1723 594 1773; x_wconf 80' lang='lat' dir='ltr'>Kalendas</span> <span class='ocrx_word' id='word_1_130' title='bbox 632 1740 812 1793; x_wconf 89' lang='lat' dir='ltr'>omnes</span> <span class='ocrx_word' id='word_1_131' title='bbox 850 1724 1079 1782; x_wconf 88' lang='lat' dir='ltr'>oderitis,</span> <span class='ocrx_word' id='word_1_132' title='bbox 1119 1724 1197 1773; x_wconf 90' lang='lat' dir='ltr'>ita</span> <span class='ocrx_word' id='word_1_133' title='bbox 1233 1725 1571 1774; x_wconf 87' lang='lat' dir='ltr'>vehementer</span> <span class='ocrx_word' id='word_1_134' title='bbox 1609 1727 1678 1774; x_wconf 81' lang='lat' dir='ltr'>ad</span> <span class='ocrx_word' id='word_1_135' title='bbox 1715 1730 1877 1790; x_wconf 91' lang='lat' dir='ltr'>caput</span> 
     </span>
     <span class='ocr_line' id='line_1_19' title="bbox 321 1805 1878 1872; baseline 0.002 -18"><span class='ocrx_word' id='word_1_136' title='bbox 321 1805 571 1870; x_wconf 85' lang='lat' dir='ltr'>adfigent,</span> <span class='ocrx_word' id='word_1_137' title='bbox 624 1812 683 1855; x_wconf 91' lang='lat' dir='ltr'>ut</span> <span class='ocrx_word' id='word_1_138' title='bbox 732 1811 918 1872; x_wconf 84' lang='lat' dir='ltr'>postea</span> <span class='ocrx_word' id='word_1_139' title='bbox 966 1807 1227 1857; x_wconf 89' lang='lat' dir='ltr'>neminem</span> <span class='ocrx_word' id='word_1_140' title='bbox 1278 1807 1439 1856; x_wconf 90' lang='lat' dir='ltr'>alium</span> <span class='ocrx_word' id='word_1_141' title='bbox 1488 1807 1587 1856; x_wconf 91' lang='lat' dir='ltr'>nisi</span> <span class='ocrx_word' id='word_1_142' title='bbox 1638 1808 1878 1859; x_wconf 83' lang='lat' dir='ltr'>fortunas</span> 
     </span>
     <span class='ocr_line' id='line_1_20' title="bbox 321 1891 1080 1954; baseline 0.004 -18"><span class='ocrx_word' id='word_1_143' title='bbox 321 1893 527 1938; x_wconf 86' lang='lat' dir='ltr'>vestras</span> <span class='ocrx_word' id='word_1_144' title='bbox 569 1905 812 1939; x_wconf 89' lang='lat' dir='ltr'>accusare</span> <span class='ocrx_word' id='word_1_145' title='bbox 854 1891 1080 1954; x_wconf 75' lang='lat' dir='ltr'>possitis</span> 
     </span>
     <span class='ocr_line' id='line_1_21' title="bbox 392 1971 1978 2036; baseline 0.003 -16"><span class='ocrx_word' id='word_1_146' title='bbox 392 1971 544 2021; x_wconf 88' lang='lat' dir='ltr'><strong>XXI.</strong></span> <span class='ocrx_word' id='word_1_147' title='bbox 585 1972 724 2036; x_wconf 73' lang='lat' dir='ltr'>Quid</span> <span class='ocrx_word' id='word_1_148' title='bbox 767 1972 895 2021; x_wconf 90' lang='lat' dir='ltr'>mihi</span> <span class='ocrx_word' id='word_1_149' title='bbox 941 1973 1010 2021; x_wconf 89' lang='lat' dir='ltr'>ad</span> <span class='ocrx_word' id='word_1_150' title='bbox 1053 1972 1442 2022; x_wconf 82' lang='lat' dir='ltr'>defendendum</span> <span class='ocrx_word' id='word_1_151' title='bbox 1487 1974 1693 2031; x_wconf 86' lang='lat' dir='ltr'>dedisti,</span> <span class='ocrx_word' id='word_1_152' title='bbox 1741 1976 1878 2023; x_wconf 87' lang='lat' dir='ltr'>bone</span> <span class='ocrx_word' id='word_1_153' title='bbox 1912 1977 1978 2030; x_wconf 78' lang='lat'>58</span> 
     </span>
    </p>

    <p class='ocr_par' dir='ltr' id='par_1_4' title="bbox 318 2055 1880 3031">
     <span class='ocr_line' id='line_1_22' title="bbox 322 2055 1878 2120; baseline 0.003 -18"><span class='ocrx_word' id='word_1_154' title='bbox 322 2060 599 2103; x_wconf 87' lang='lat' dir='ltr'>accusator</span> <span class='ocrx_word' id='word_1_155' title='bbox 622 2055 640 2103; x_wconf 82' lang='lat'>?</span> <span class='ocrx_word' id='word_1_156' title='bbox 676 2055 804 2119; x_wconf 90' lang='lat' dir='ltr'>quid</span> <span class='ocrx_word' id='word_1_157' title='bbox 832 2056 972 2104; x_wconf 91' lang='lat' dir='ltr'>hisce</span> <span class='ocrx_word' id='word_1_158' title='bbox 1001 2060 1181 2104; x_wconf 82' lang='lat' dir='ltr'>autern</span> <span class='ocrx_word' id='word_1_159' title='bbox 1211 2057 1279 2104; x_wconf 85' lang='lat' dir='ltr'>ad</span> <span class='ocrx_word' id='word_1_160' title='bbox 1308 2055 1682 2120; x_wconf 88' lang='lat' dir='ltr'>suspicandum</span> <span class='ocrx_word' id='word_1_161' title='bbox 1707 2058 1724 2105; x_wconf 69' lang='grc' dir='ltr'>Ρ</span> <span class='ocrx_word' id='word_1_162' title='bbox 1761 2059 1771 2075; x_wconf 92' lang='lat'><em>‘</em></span> <span class='ocrx_word' id='word_1_163' title='bbox 1797 2058 1878 2107; x_wconf 89' lang='lat' dir='ltr'>Ne</span> 
     </span>
     <span class='ocr_line' id='line_1_23' title="bbox 321 2137 1878 2204; baseline 0.003 -19"><span class='ocrx_word' id='word_1_164' title='bbox 321 2137 742 2196; x_wconf 87' lang='lat' dir='ltr'>exheredaretur,</span> <span class='ocrx_word' id='word_1_165' title='bbox 773 2138 973 2187; x_wconf 88' lang='lat' dir='ltr'>veritus</span> <span class='ocrx_word' id='word_1_166' title='bbox 1001 2140 1113 2188; x_wconf 85' lang='lat' dir='ltr'>est.’</span> <span class='ocrx_word' id='word_1_167' title='bbox 1152 2138 1340 2197; x_wconf 90' lang='lat' dir='ltr'>Audio,</span> <span class='ocrx_word' id='word_1_168' title='bbox 1373 2139 1465 2188; x_wconf 93' lang='lat' dir='ltr'>sed</span> <span class='ocrx_word' id='word_1_169' title='bbox 1492 2155 1599 2204; x_wconf 90' lang='lat' dir='ltr'>qua</span> <span class='ocrx_word' id='word_1_170' title='bbox 1625 2141 1690 2189; x_wconf 90' lang='lat' dir='ltr'>de</span> <span class='ocrx_word' id='word_1_171' title='bbox 1718 2157 1878 2190; x_wconf 89' lang='lat' dir='ltr'>causa</span> 
     </span>
     <span class='ocr_line' id='line_1_24' title="bbox 319 2218 1872 2286; baseline 0.006 -19"><span class='ocrx_word' id='word_1_172' title='bbox 319 2219 487 2268; x_wconf 90' lang='lat' dir='ltr'>vereri</span> <span class='ocrx_word' id='word_1_173' title='bbox 497 2218 754 2279; x_wconf 86' lang='lat' dir='ltr'>debuerit,</span> <span class='ocrx_word' id='word_1_174' title='bbox 784 2237 938 2270; x_wconf 90' lang='lat' dir='ltr'>nemo</span> <span class='ocrx_word' id='word_1_175' title='bbox 951 2220 1094 2271; x_wconf 88' lang='lat' dir='ltr'>dicit.</span> <span class='ocrx_word' id='word_1_176' title='bbox 1124 2227 1135 2243; x_wconf 84' lang='lat'>‘</span> <span class='ocrx_word' id='word_1_177' title='bbox 1154 2222 1404 2272; x_wconf 86' lang='lat' dir='ltr'>Habebat</span> <span class='ocrx_word' id='word_1_178' title='bbox 1422 2228 1575 2286; x_wconf 84' lang='lat' dir='ltr'>pater</span> <span class='ocrx_word' id='word_1_179' title='bbox 1587 2223 1640 2272; x_wconf 89' lang='lat' dir='ltr'>in</span> <span class='ocrx_word' id='word_1_180' title='bbox 1659 2224 1872 2276; x_wconf 87' lang='lat' dir='ltr'>anim0.&#39;</span> 
     </span>
     <span class='ocr_line' id='line_1_25' title="bbox 323 2302 1872 2369; baseline 0.003 -17"><span class='ocrx_word' id='word_1_181' title='bbox 323 2302 549 2352; x_wconf 87' lang='lat' dir='ltr'>Planum</span> <span class='ocrx_word' id='word_1_182' title='bbox 593 2303 690 2353; x_wconf 86' lang='lat' dir='ltr'>fac.</span> <span class='ocrx_word' id='word_1_183' title='bbox 764 2304 907 2353; x_wconf 92' lang='lat' dir='ltr'>Nihil</span> <span class='ocrx_word' id='word_1_184' title='bbox 950 2309 1063 2363; x_wconf 90' lang='lat' dir='ltr'>est;</span> <span class='ocrx_word' id='word_1_185' title='bbox 1131 2320 1252 2362; x_wconf 91' lang='lat' dir='ltr'>non,</span> <span class='ocrx_word' id='word_1_186' title='bbox 1298 2305 1513 2369; x_wconf 91' lang='lat' dir='ltr'>quicum</span> <span class='ocrx_word' id='word_1_187' title='bbox 1556 2305 1872 2366; x_wconf 88' lang='lat' dir='ltr'>deliberarit,</span> 
     </span>
     <span class='ocr_line' id='line_1_26' title="bbox 318 2386 1877 2453; baseline 0.004 -20"><span class='ocrx_word' id='word_1_188' title='bbox 318 2400 480 2448; x_wconf 88' lang='lat' dir='ltr'>quem</span> <span class='ocrx_word' id='word_1_189' title='bbox 519 2386 792 2435; x_wconf 90' lang='lat' dir='ltr'>certiorem</span> <span class='ocrx_word' id='word_1_190' title='bbox 834 2387 1027 2445; x_wconf 87' lang='lat' dir='ltr'>feeerit,</span> <span class='ocrx_word' id='word_1_191' title='bbox 1072 2388 1211 2436; x_wconf 89' lang='lat' dir='ltr'>unde</span> <span class='ocrx_word' id='word_1_192' title='bbox 1250 2387 1395 2436; x_wconf 89' lang='lat' dir='ltr'>istud</span> <span class='ocrx_word' id='word_1_193' title='bbox 1433 2387 1586 2438; x_wconf 86' lang='lat' dir='ltr'>vobis</span> <span class='ocrx_word' id='word_1_194' title='bbox 1624 2390 1877 2453; x_wconf 89' lang='lat' dir='ltr'>suspicari</span> 
     </span>
     <span class='ocr_line' id='line_1_27' title="bbox 323 2466 1875 2531; baseline 0.005 -16"><span class='ocrx_word' id='word_1_195' title='bbox 323 2466 379 2515; x_wconf 92' lang='lat' dir='ltr'>in</span> <span class='ocrx_word' id='word_1_196' title='bbox 407 2473 640 2517; x_wconf 90' lang='lat' dir='ltr'>mentem</span> <span class='ocrx_word' id='word_1_197' title='bbox 669 2469 885 2518; x_wconf 86' lang='lat' dir='ltr'>venerit.</span> <span class='ocrx_word' id='word_1_198' title='bbox 961 2469 1092 2518; x_wconf 90' lang='lat' dir='ltr'>Cum</span> <span class='ocrx_word' id='word_1_199' title='bbox 1122 2471 1219 2519; x_wconf 93' lang='lat' dir='ltr'>hoc</span> <span class='ocrx_word' id='word_1_200' title='bbox 1249 2470 1407 2520; x_wconf 90' lang='lat' dir='ltr'>modo</span> <span class='ocrx_word' id='word_1_201' title='bbox 1438 2486 1668 2529; x_wconf 83' lang='lat' dir='ltr'>accusaS,</span> <span class='ocrx_word' id='word_1_202' title='bbox 1699 2473 1875 2531; x_wconf 89' lang='lat' dir='ltr'>Eruci,</span> 
     </span>
     <span class='ocr_line' id='line_1_28' title="bbox 322 2551 1874 2618; baseline 0.005 -20"><span class='ocrx_word' id='word_1_203' title='bbox 322 2565 496 2599; x_wconf 90' lang='lat' dir='ltr'>nonne</span> <span class='ocrx_word' id='word_1_204' title='bbox 526 2552 624 2600; x_wconf 92' lang='lat' dir='ltr'>hoc</span> <span class='ocrx_word' id='word_1_205' title='bbox 654 2551 831 2615; x_wconf 88' lang='lat' dir='ltr'>palam</span> <span class='ocrx_word' id='word_1_206' title='bbox 862 2551 990 2601; x_wconf 90' lang='lat' dir='ltr'>dicis</span> <span class='ocrx_word' id='word_1_207' title='bbox 1014 2567 1023 2599; x_wconf 90' lang='lat'>:</span> <span class='ocrx_word' id='word_1_208' title='bbox 1078 2554 1087 2569; x_wconf 92' lang='lat'>‘</span> <span class='ocrx_word' id='word_1_209' title='bbox 1114 2554 1225 2616; x_wconf 84' lang='lat' dir='ltr'>Ego</span> <span class='ocrx_word' id='word_1_210' title='bbox 1256 2552 1385 2616; x_wconf 89' lang='lat' dir='ltr'>quid</span> <span class='ocrx_word' id='word_1_211' title='bbox 1414 2555 1718 2618; x_wconf 89' lang='lat' dir='ltr'>acceperim,</span> <span class='ocrx_word' id='word_1_212' title='bbox 1751 2556 1874 2614; x_wconf 94' lang='lat' dir='ltr'>scio,</span> 
     </span>
     <span class='ocr_line' id='line_1_29' title="bbox 320 2631 1875 2703; baseline 0.005 -22"><span class='ocrx_word' id='word_1_213' title='bbox 320 2631 452 2696; x_wconf 91' lang='lat' dir='ltr'>quid</span> <span class='ocrx_word' id='word_1_214' title='bbox 503 2633 692 2692; x_wconf 90' lang='lat' dir='ltr'>dicam,</span> <span class='ocrx_word' id='word_1_215' title='bbox 746 2634 954 2692; x_wconf 83' lang='lat' dir='ltr'>nescio;</span> <span class='ocrx_word' id='word_1_216' title='bbox 1027 2651 1192 2683; x_wconf 90' lang='lat' dir='ltr'>unum</span> <span class='ocrx_word' id='word_1_217' title='bbox 1243 2635 1373 2684; x_wconf 92' lang='lat' dir='ltr'>illud</span> <span class='ocrx_word' id='word_1_218' title='bbox 1425 2637 1676 2700; x_wconf 80' lang='lat' dir='ltr'>spectavi,</span> <span class='ocrx_word' id='word_1_219' title='bbox 1731 2639 1875 2703; x_wconf 93' lang='lat' dir='ltr'>quod</span> 
     </span>
     <span class='ocr_line' id='line_1_30' title="bbox 319 2714 1880 2782; baseline 0.004 -18"><span class='ocrx_word' id='word_1_220' title='bbox 319 2714 688 2780; x_wconf 85' lang='lat' dir='ltr'>Chrysogonus</span> <span class='ocrx_word' id='word_1_221' title='bbox 706 2716 889 2773; x_wconf 84' lang='lat' dir='ltr'>aiebat,</span> <span class='ocrx_word' id='word_1_222' title='bbox 918 2717 1178 2767; x_wconf 89' lang='lat' dir='ltr'>neminem</span> <span class='ocrx_word' id='word_1_223' title='bbox 1197 2717 1285 2766; x_wconf 90' lang='lat' dir='ltr'>isti</span> <span class='ocrx_word' id='word_1_224' title='bbox 1301 2723 1588 2782; x_wconf 88' lang='lat' dir='ltr'>patronum</span> <span class='ocrx_word' id='word_1_225' title='bbox 1606 2719 1846 2771; x_wconf 84' lang='lat' dir='ltr'>futurum</span> <span class='ocrx_word' id='word_1_226' title='bbox 1870 2739 1880 2781; x_wconf 89' lang='lat'>;</span> 
     </span>
     <span class='ocr_line' id='line_1_31' title="bbox 318 2797 1878 2864; baseline 0.006 -18"><span class='ocrx_word' id='word_1_227' title='bbox 318 2797 388 2847; x_wconf 91' lang='lat' dir='ltr'>de</span> <span class='ocrx_word' id='word_1_228' title='bbox 411 2798 669 2848; x_wconf 89' lang='lat' dir='ltr'>bonorum</span> <span class='ocrx_word' id='word_1_229' title='bbox 715 2799 979 2863; x_wconf 89' lang='lat' dir='ltr'>emptione</span> <span class='ocrx_word' id='word_1_230' title='bbox 1004 2800 1173 2864; x_wconf 89' lang='lat' dir='ltr'>deque</span> <span class='ocrx_word' id='word_1_231' title='bbox 1216 2817 1278 2850; x_wconf 90' lang='lat' dir='ltr'>ea</span> <span class='ocrx_word' id='word_1_232' title='bbox 1321 2800 1571 2851; x_wconf 89' lang='lat' dir='ltr'>societate</span> <span class='ocrx_word' id='word_1_233' title='bbox 1614 2804 1878 2855; x_wconf 90' lang='lat' dir='ltr'>neminem</span> 
     </span>
     <span class='ocr_line' id='line_1_32' title="bbox 324 2881 1878 2949; baseline 0.006 -21"><span class='ocrx_word' id='word_1_234' title='bbox 324 2895 435 2929; x_wconf 90' lang='lat' dir='ltr'>esse</span> <span class='ocrx_word' id='word_1_235' title='bbox 462 2881 554 2945; x_wconf 90' lang='lat' dir='ltr'>qui</span> <span class='ocrx_word' id='word_1_236' title='bbox 578 2883 801 2931; x_wconf 88' lang='lat' dir='ltr'>verbum</span> <span class='ocrx_word' id='word_1_237' title='bbox 828 2881 997 2932; x_wconf 84' lang='lat' dir='ltr'>facere</span> <span class='ocrx_word' id='word_1_238' title='bbox 1024 2883 1238 2932; x_wconf 85' lang='lat' dir='ltr'>auderet</span> <span class='ocrx_word' id='word_1_239' title='bbox 1266 2884 1365 2932; x_wconf 91' lang='lat' dir='ltr'>hoc</span> <span class='ocrx_word' id='word_1_240' title='bbox 1391 2887 1642 2949; x_wconf 87' lang='lat' dir='ltr'>tempore&#39;</span> <span class='ocrx_word' id='word_1_241' title='bbox 1670 2887 1689 2935; x_wconf 87' lang='lat'>?</span> <span class='ocrx_word' id='word_1_242' title='bbox 1730 2888 1878 2938; x_wconf 89' lang='lat' dir='ltr'>Haec</span> 
     </span>
     <span class='ocr_line' id='line_1_33' title="bbox 326 2963 1878 3031; baseline 0.006 -20"><span class='ocrx_word' id='word_1_243' title='bbox 326 2966 383 3013; x_wconf 88' lang='lat' dir='ltr'>te</span> <span class='ocrx_word' id='word_1_244' title='bbox 436 2963 612 3027; x_wconf 89' lang='lat' dir='ltr'>opinio</span> <span class='ocrx_word' id='word_1_245' title='bbox 666 2964 797 3014; x_wconf 82' lang='lat' dir='ltr'>falsa</span> <span class='ocrx_word' id='word_1_246' title='bbox 847 2964 902 3013; x_wconf 90' lang='lat' dir='ltr'>in</span> <span class='ocrx_word' id='word_1_247' title='bbox 953 2964 1110 3014; x_wconf 90' lang='lat' dir='ltr'>istam</span> <span class='ocrx_word' id='word_1_248' title='bbox 1163 2965 1402 3015; x_wconf 82' lang='lat' dir='ltr'>fraudem</span> <span class='ocrx_word' id='word_1_249' title='bbox 1454 2966 1699 3031; x_wconf 84' lang='lat' dir='ltr'>impulit;</span> <span class='ocrx_word' id='word_1_250' title='bbox 1772 2987 1878 3020; x_wconf 90' lang='lat' dir='ltr'>non</span> 
     </span>
    </p>
   </div>
  </div>
 </body>
</html>
