2216 3288
693 353 839 403 CAP.
893 353 1237 403 XXI-XVII.
1311 358 1334 418 ξ
1370 355 1570 403 43-49
1817 354 1910 402 Ι17

349 472 593 535 quamvis
649 471 844 520 multos
899 471 1213 520 nominatim
1270 473 1514 536 proferre,
1573 487 1638 519 ne
1694 469 1908 534 longius

350 555 552 612 abeam,
579 554 663 603 vel
686 555 903 603 tribules
926 555 1008 603 vel
1032 555 1231 603 vicinos
1254 571 1412 612 meos,
1439 553 1530 618 qui
1553 569 1674 602 suos
1695 553 1903 609 liberos,

351 652 483 700 quos
508 637 716 700 plurimi
744 637 960 694 faciunt,
990 637 1240 701 agricolas
1266 637 1502 686 assiduos
1528 652 1637 685 esse
1661 634 1900 699 cupiunt.

352 719 546 768 Verum
582 721 817 768 homines
854 724 1007 769 notos
1044 736 1246 768 sumere
1283 719 1521 768 odiosum
1559 723 1652 776 est,
1692 734 1813 767 cum
1850 722 1904 766 et

349 802 479 850 illud
506 802 764 850 incertum
792 803 874 860 sit,
906 803 1138 851 velintne
1165 802 1199 850 ii
1227 818 1336 850 sese
1364 801 1636 859 nominari,
1668 806 1721 850 et
1748 816 1907 849 nemo

350 884 502 933 vobis
522 885 687 948 magis
707 891 865 933 notus
887 886 1095 933 futurus
1116 885 1198 942 sit,
1223 901 1384 948 quam
1405 889 1483 933 est
1504 885 1587 932 hic
1607 884 1902 946 Eutychus,

352 972 406 1016 et
434 973 573 1016 certe
602 968 671 1016 ad
699 984 807 1016 rem
836 967 964 1015 nihil
992 967 1212 1024 intersit,
1246 972 1425 1015 utrum
1453 967 1593 1016 hunc
1623 983 1716 1030 ego
1743 966 1904 1015 comi-

353 1066 472 1098 cum
531 1050 918 1099 adulescentem
975 1066 1042 1098 an
1100 1050 1327 1113 aliquem
1384 1066 1448 1098 ex
1505 1066 1629 1112 agro
1686 1049 1906 1098 Veiente

351 1132 633 1202 nominem.
707 1131 920 1181 Etenim
974 1133 1102 1182 haec
1154 1133 1380 1182 conficta
1432 1132 1658 1181 arbitror
1710 1147 1820 1181 esse
1873 1149 1906 1181 a

350 1216 536 1280 poetis,
578 1219 638 1264 ut
676 1216 874 1264 effictos
911 1220 1118 1264 nostros
1155 1231 1324 1263 mores
1361 1216 1415 1264 in
1453 1214 1634 1265 alienis
1671 1214 1907 1278 personis

352 1314 756 1362 expressamque
785 1299 1065 1361 imaginem
1093 1299 1237 1346 vitae
1265 1297 1560 1347 cotidianae
1588 1297 1900 1346 videremus.

351 1381 463 1445 Age
503 1397 656 1439 nunc,
701 1382 834 1430 refer
874 1380 1109 1429 animum
1150 1380 1219 1429 sis
1259 1382 1328 1429 ad
1367 1380 1649 1429 veritatem
1690 1385 1742 1429 et
1784 1396 1903 1429 con-
1939 1382 2008 1430 48

352 1463 536 1521 sidera,
572 1480 678 1513 non
710 1464 867 1512 modo
900 1464 953 1511 in
986 1464 1207 1513 Umbria
1239 1468 1400 1526 atque
1431 1464 1482 1511 in
1519 1480 1580 1512 ea
1612 1463 1901 1520 vicinitate,

351 1546 443 1595 sed
466 1547 519 1594 in
543 1546 622 1595 his
644 1548 911 1595 veteribus
933 1545 1229 1609 municipiis
1251 1562 1387 1610 quae
1411 1546 1588 1595 studia
1611 1561 1642 1593 a
1662 1546 1905 1610 patribus

352 1629 577 1679 familias
595 1629 824 1677 maxime
844 1629 1126 1677 laudentur
1148 1646 1157 1687 ;
1182 1629 1288 1677 iam
1307 1630 1544 1693 protecto
1563 1634 1617 1678 te
1635 1628 1906 1692 intelleges

352 1711 530 1775 inopia
559 1712 835 1760 criminum
866 1728 1127 1760 summam
1158 1712 1367 1760 laudem
1399 1711 1515 1760 Sex.
1552 1711 1740 1760 Roscio
1771 1710 1904 1760 vitio

352 1799 406 1843 et
432 1795 616 1859 culpae
642 1794 858 1844 dedisse.
934 1795 1107 1843 XVII.
1147 1795 1223 1842 Ac
1251 1810 1355 1842 non
1381 1794 1538 1842 modo
1564 1795 1663 1843 hoc
1689 1799 1904 1858 patrum

352 1877 630 1927 voluntate
651 1878 798 1926 liberi
822 1877 1038 1934 faciunt,
1065 1877 1157 1925 sed
1179 1877 1467 1940 permultos
1491 1881 1543 1925 et
1567 1893 1660 1939 ego
1684 1877 1808 1926 novi
1831 1881 1901 1934 et,

350 1959 451 2009 nisi
468 1977 551 2009 me
569 1960 703 2008 fallit
722 1959 942 2017 animus.
964 1975 1099 2008 unus
1117 1959 1337 2022 quisque
1353 1965 1604 2017 vestrum,
1626 1960 1716 2023 qui
1734 1964 1786 2008 et
1803 1959 1903 2023 ipsi

349 2042 547 2091 incensi
569 2049 692 2092 sunt
715 2042 905 2100 studio,
931 2029 1074 2105 quod
1096 2043 1163 2090 ad
1186 2058 1366 2105 agrum
1391 2042 1666 2090 colendum
1689 2042 1900 2100 attinet,

350 2125 625 2189 vitamque
654 2126 789 2174 hanc
819 2124 1083 2182 rusticam,
1117 2141 1276 2188 quam
1307 2130 1367 2173 tu
1396 2125 1587 2189 probro
1617 2129 1670 2173 et
1699 2124 1903 2174 crimini

350 2213 510 2272 putas
532 2224 640 2257 esse
662 2213 917 2273 oportere,
942 2212 994 2256 et
1015 2207 1439 2257 honestissimam
1460 2212 1513 2256 et
1535 2207 1902 2257 suavissimam

352 2306 462 2340 esse
489 2284 502 2290 “
519 2290 858 2340 arbitrantur.
933 2289 1071 2354 Quid
1127 2306 1303 2339 censes
1359 2291 1498 2339 hunc
1554 2275 1726 2354 ipsum
1783 2289 1899 2339 Sex.
1937 2293 2037 2342 49κ

354 2373 603 2422 Roscium
651 2390 757 2437 quo
805 2373 981 2422 studio
1030 2378 1083 2421 et
1132 2389 1237 2437 qua
1284 2372 1641 2437 intellegentia
1690 2388 1799 2422 esse
1847 2373 1900 2421 in

275 2504 281 2509 ,
352 2456 559 2505 rusticis
584 2457 738 2505 rebus
762 2457 779 2504 Ρ
822 2457 897 2505 Ut
923 2472 986 2504 ex
1012 2456 1092 2504 his
1117 2456 1424 2520 propinquis
1449 2455 1573 2513 eius,
1601 2455 1902 2506 hominibus

349 2538 743 2597 honestissimis,
765 2538 936 2596 audio,
959 2554 1062 2586 non
1081 2543 1141 2587 tu
1158 2538 1212 2586 in
1229 2539 1331 2587 isto
1349 2538 1570 2588 artificio
1587 2538 1914 2588 accusatorio

350 2621 584 2671 callidior
627 2638 681 2670 es
725 2637 885 2685 quam
929 2621 1012 2669 hic
1056 2621 1109 2668 in
1153 2637 1261 2669 suo.
1336 2621 1544 2678 Verum,
1593 2626 1652 2670 ut
1697 2621 1899 2685 opinor,

351 2704 601 2769 quoniam
643 2704 720 2754 ita
761 2704 1096 2767 Chrysogono
1137 2703 1361 2760 videtur,
1405 2705 1495 2768 qui
1536 2704 1658 2752 huic
1698 2703 1901 2752 nullum

301 2814 304 2818 Δ
349 2787 623 2852 praedium
659 2786 885 2850 reliquit,
923 2790 977 2834 et
1013 2786 1292 2835 artificium
1328 2786 1669 2836 obliviscatur
1703 2792 1755 2834 et
1791 2791 1902 2835 stu·

351 2869 498 2918 dium
546 2870 777 2934 deponat
826 2868 1016 2917 licebit.
1091 2868 1244 2932 Quod
1292 2869 1504 2917 tametsi
1552 2869 1799 2918 miserum
1847 2873 1901 2917 et

349 2951 624 3016 indignum
660 2956 753 3010 est,
793 2951 923 3000 feret
959 2955 1139 3000 tamen
1175 2966 1344 3015 aequo
1379 2950 1570 3010 animo,
1609 2951 1820 3009 iudiceS,
1858 2949 1904 3000 si

362 3056 387 3082 C
