2216 3288
309 396 376 444 30
774 392 917 443 PRO
966 393 1121 445 SEX.
1173 392 1428 443 ROSCIO

314 518 374 563 ut
418 513 698 563 convenire
741 513 978 579 potuerit
1022 529 1196 578 neque
1238 493 1350 578 qua.
1389 511 1596 562 ratione
1637 511 1887 562 inducere

309 613 481 662 neque
518 597 612 647 ubi
648 614 820 662 neque
855 613 952 663 per
987 612 1125 662 quos
1160 612 1333 662 neque
1370 612 1479 662 qua
1514 611 1609 662 spe
1645 600 1740 646 aut
1778 611 1886 662 quo

309 681 495 746 preti0‚
552 686 706 746 potes
760 680 1053 730 ostendere.
1101 681 1217 745 Ego
1268 684 1455 730 contra
1510 679 1734 730 ostendo
1775 692 1886 730 non

311 765 471 814 modo
521 765 652 815 nihil
702 781 886 814 eorum
936 764 1121 814 fecisse
1172 765 1291 814 Sex.
1346 762 1617 822 Roscium,
1670 763 1765 813 sed
1812 779 1882 814 ne

310 848 546 913 potuisse
584 847 800 914 quidem
838 848 1025 908 facere,
1067 843 1213 913 quod
1249 863 1421 912 neque
1458 848 1663 897 Romae
1698 846 1885 897 multis

310 931 462 981 annis
519 932 678 982 fuer-it
736 948 908 997 neque
965 932 1031 982 de
1087 924 1338 999 praediis·
1371 946 1633 996 umquam·
1687 935 1888 980 temere

310 1015 621 1066 discesserit.
698 1017 922 1066 Restare
945 1015 1046 1065 tibi
1066 1015 1355 1065 videbatur
1376 1030 1649 1065 servorum
1671 1006 1881 1073 nornen,

309 1115 417 1164 quo
446 1099 599 1164 quasi
628 1099 685 1148 in
714 1104 931 1164 portum
961 1099 1187 1150 reiectus
1218 1115 1250 1148 a
1278 1099 1465 1149 ceteris
1494 1096 1884 1163 suspicionibus
1948 1098 1956 1102 ⁴

309 1182 589 1247 confugere
618 1199 799 1248 posses
822 1199 832 1243 ;
886 1183 978 1233 ubi
1009 1182 1286 1248 scop'ulum
1318 1181 1543 1232 offendis
1574 1180 1686 1232 eius
1714 1180 1878 1240 modi,

309 1271 369 1315 ut
406 1259 512 1316 non
549 1267 709 1316 modo
747 1269 815 1317 ab
851 1269 951 1317 hoc
989 1267 1187 1317 crimen
1222 1266 1418 1316 resilire
1453 1265 1652 1324 videaS,
1691 1281 1879 1315 verum

309 1366 520 1399 omnem
556 1349 908 1415 suspicionem
944 1351 999 1399 in
1036 1355 1244 1400 vosmet
1281 1349 1423 1415 ipsos
1458 1349 1687 1399 recidere
1723 1349 1879 1399 intel-

202 1435 271 1486 80
308 1434 463 1498 legas
539 1433 679 1498 Quid
704 1450 825 1498 ergo
849 1439 930 1484 est
954 1435 973 1484 ?
1022 1450 1130 1499 quo
1154 1433 1374 1483 tandem
1399 1437 1677 1482 accusator
1699 1431 1881 1498 inopia

309 1522 743 1582 argumentorum
778 1517 1016 1582 confugit
1042 1518 1060 1567 ?
1101 1519 1111 1537 ‘
1137 1517 1268 1566 Eius
1301 1517 1447 1566 modi
1479 1521 1692 1582 tempus
1727 1517 1879 1575 erat,'

307 1600 497 1666 inquit,
519 1602 530 1619 ‘
555 1605 616 1650 ut
634 1601 873 1651 homines
890 1601 1050 1666 vulgo
1066 1601 1284 1666 impune
1300 1600 1664 1652 occiderentur
1688 1616 1698 1658 ;
1737 1616 1904 1665 quare

307 1686 406 1734 hoc
427 1689 489 1733 tu
510 1689 727 1750 propter
747 1684 1148 1734 multitudinem
1169 1683 1476 1734 sicariorum
1496 1684 1641 1734 nullo
1661 1683 1876 1748 negotio

308 1768 477 1817 facere
509 1767 767 1833 potuisti.’
842 1756 1120 1818 Interdum
1151 1768 1282 1817 mihi
1312 1768 1523 1826 videris,
1558 1767 1733 1826 Eruci,
1768 1760 1880 1818 una

307 1852 544 1901 mercede
581 1851 713 1900 duas
749 1868 830 1901 res
867 1852 1075 1917 assequi
1110 1851 1259 1911 velle,
1298 1867 1394 1911 nos
1429 1851 1626 1901 iudicio
1661 1851 1875 1916 perfun-

307 1935 443 1993 dere,
481 1951 727 1984 accusare
760 1940 941 1987 autem
975 1951 1063 1985 eos
1094 1935 1250 2000 ipsos,
1289 1953 1320 1986 a
1353 1933 1546 2000 quibus
1578 1930 1875 1985 mercedem

306 2018 568 2083 accepisti.
644 2018 785 2083 Quid
801 2019 921 2069 ais?
962 2019 1122 2083 vulgo
1141 2019 1560 2069 occidebantur?
1637 2019 1737 2067 Per
1753 2034 1888 2084 quos

306 2106 358 2150 et
402 2118 433 2150 a
463 2102 711 2166 quibus?
787 2103 978 2151 Nonne
1019 2102 1221 2167 cogitas
1262 2108 1317 2152 te
1359 2120 1391 2152 a
1433 2102 1724 2152 sectoribus
1765 2103 1871 2163 huc

307 2185 599 2234 adductum
632 2202 742 2235 esse
767 2187 785 2235 Ρ
862 2186 1002 2251 Quid
1032 2191 1219 2251 postea
1243 2187 1261 2235 ?
1336 2187 1613 2236 Nescimus
1643 2202 1737 2251 per
1766 2187 1873 2236 ista

305 2274 551 2334 tempora
601 2270 810 2319 eosdem
862 2270 970 2319 fere
1021 2275 1252 2320 sectores
1301 2271 1463 2320 fuisse
1510 2271 1765 2320 collorum
1810 2266 1888 2320 et*

197 2354 255 2404 81
299 2352 560 2401 bonorum
586 2353 604 2400 ?
633 2354 676 2402 Ii
702 2352 943 2417 denique,
972 2353 1063 2417 qui
1088 2358 1206 2402 tum
1231 2355 1423 2403 armati
1448 2354 1559 2403 dies
1582 2358 1873 2418 noctesque
1927 2381 1959 2424 .‘

303 2437 707 2494 concursabant,
754 2436 847 2500 qui
890 2438 1094 2485 Romae
1137 2442 1288 2486 erant
1333 2436 1544 2496 assidui,
1591 2437 1683 2502 qui
1725 2435 1871 2487 omni

305 2523 542 2583 tempore
573 2519 627 2568 in
658 2520 857 2588 praeda
889 2524 942 2569 et
973 2520 1029 2568 in
1061 2521 1314 2584 sanguine
1345 2521 1712 2579 versabantur,
1747 2521 1866 2571 Sex.

306 2602 496 2650 Roscio
545 2599 797 2667 temporis
843 2603 982 2652 illius
1030 2603 1376 2654 acerbitatem
1424 2604 1871 2669 iniquitatemque

303 2685 531 2734 obicient
575 2690 626 2734 et
669 2686 814 2735 illam
856 2686 1162 2752 sicariorum
1203 2686 1718 2746 multitudinemsin
1759 2704 1871 2752 qua

301 2768 399 2832 ipsi
432 2769 590 2817 duces
623 2786 682 2818 ac
714 2770 974 2834 principes
1006 2775 1173 2829 erant,
1208 2771 1329 2820 huic
1361 2771 1566 2820 crimini
1594 2771 1892 2839 putabunt?

300 2851 453 2900 fore?
511 2852 603 2916 qui
636 2868 742 2901 non
776 2854 936 2902 modo
970 2854 1174 2903 Romae
1207 2871 1314 2903 non
1348 2855 1467 2919 fuit,
1504 2855 1597 2904 sed
1630 2853 1862 2913 omnin0‚

299 2934 429 2999 quid
462 2936 664 2984 Romae
699 2942 954 3000 ageretur,
990 2937 1230 2996 nescivit,
1266 2944 1547 3003 propterea
1579 2939 1733 3003 quod
1756 2938 1867 2987 ruri

297 3018 553 3077 assiduus,
589 3035 748 3083 quem
780 3019 850 3069 ad
879 3020 1101 3070 modum
1132 3025 1251 3071 tute
1281 3020 1563 3080 confiteris,
1598 3019 1717 3072 fuit.
