2216 3288
750 298 894 348 CAP.
951 299 1184 349 v—VII..
1258 302 1517 363 §13—19
1871 300 1904 348 7

478 415 644 463 Erant
673 415 719 463 ei
745 420 946 464 veteres
982 415 1280 466 inimicitiae
1317 432 1436 464 cum
1465 415 1670 465 duobus
1707 414 1907 465 Rosciis
1940 416 2008 465 17

343 497 615 554 Amerinis,
663 513 886 561 quorum
941 498 1162 547 alterum
1217 499 1392 547 sedere
1436 499 1490 546 in
1543 501 1905 547 accusatorum

346 579 599 628 subselliis
631 579 799 636 video,
847 581 1069 629 alterum
1104 581 1213 629 *tria
1247 581 1458 630 huiusce
1500 579 1712 645 praedia
1743 580 1904 645 possi-

292 694 298 704 ·
346 661 467 710 dere
490 662 646 711 audio
669 680 678 721 ;
734 679 865 727 quas
888 663 1185 723 inimicitias
1217 665 1258 712 si
1283 668 1395 711 tam
1419 679 1601 712 cavere
1631 662 1903 728 potuisset,

347 761 509 808 quam
525 750 756 795 metuere
774 746 989 803 solebat,
1018 746 1232 794 viveret.
1322 747 1504 809 Neque
1521 746 1672 803 enim,
1694 745 1901 803 iudices,

347 827 534 877 iniuria
583 828 868 877 metuebat.
958 829 1097 877 Nam
1147 828 1251 876 duo
1300 828 1387 876 isti
1438 833 1559 877 sunt
1621 829 1676 878 T.
1733 827 1907 877 Roscii

351 914 590 974 (quorum
653 911 802 960 alteri
853 910 1093 974 Capitoni
1153 926 1438 973 cognomen
1490 917 1583 968 est,
1646 910 1758 968 iste,
1813 909 1905 974 qui

346 994 509 1050 adest,
543 994 761 1057 Magnus
796 995 1032 1058 vocatur)
1090 993 1324 1042 homines
1362 993 1514 1043 huius
1542 994 1714 1043 modi:
1776 993 1906 1042 alter

345 1075 686 1140 plurimarum
745 1076 1037 1139 palmarum
1093 1081 1247 1125 vetus
1296 1093 1356 1125 ac
1414 1076 1602 1125 nobilis
1649 1075 1906 1140 gladiator

347 1158 584 1217 habetur,
612 1141 695 1208 liic
730 1164 907 1207 autem
940 1175 1104 1223 nuper
1129 1175 1182 1206 se
1208 1159 1275 1207 ad
1300 1175 1419 1207 eum
1451 1159 1698 1208 lanistam
1722 1164 1903 1207 contu—

344 1241 421 1298 lit,
450 1241 643 1305 quique
668 1247 790 1290 ante
825 1242 958 1290 hanc
984 1257 1213 1306 pugnam
1249 1241 1348 1290 tiro
1374 1247 1523 1299 esset,
1560 1242 1702 1305 quod
1727 1242 1902 1298 sciam,

346 1323 496 1373 facile
517 1324 687 1389 ipsum
719 1324 1027 1389 magistrum
1060 1324 1244 1379 scelere
1277 1325 1598 1388 audaciaque
1621 1324 1901 1388 superavit.

347 1407 466 1456 VII.
514 1407 653 1456 Nam
675 1423 793 1456 cum
816 1407 898 1455 hic
929 1408 1044 1456 Sex.
1071 1407 1290 1456 Roscius
1312 1412 1446 1457 esset
1475 1407 1729 1465 Ameriae,
1754 1407 1905 1456 Titus
1939 1410 2006 1460 18

347 1495 525 1539 autem
546 1490 643 1539 iste
675 1490 893 1539 Roscius
950 1491 1162 1547 Romae,
1188 1506 1307 1538 curn
1338 1490 1420 1539 hic
1467 1490 1637 1556 [filius]
1672 1490 1909 1539 assiduus

348 1572 401 1620 in
449 1573 672 1638 praediis
732 1579 864 1622 esset
913 1589 1135 1636 cumque
1193 1589 1246 1621 se
1294 1575 1569 1623 voluntate
1625 1573 1788 1637 patris
1835 1573 1908 1622 rei
1946 1629 1951 1634 ,

347 1655 589 1706 familiari
648 1656 893 1719 vitaeque
963 1656 1186 1706 rusticae
1256 1655 1496 1714 dedisset,
1562 1656 1659 1705 iste
1729 1661 1907 1705 autem

347 1739 590 1802 frequens
623 1740 823 1788 Romae
865 1744 1013 1797 esset,
1048 1739 1300 1788 occiditur
1325 1740 1409 1810 *ad
1441 1740 1653 1789 balneas
1694 1739 1908 1788 Pallaci-
1938 1770 1941 1773 ,

348 1838 443 1870 nas
490 1821 689 1871 rediens
737 1839 767 1871 a
816 1838 943 1870 cena
989 1823 1104 1871 Sex.
1158 1822 1388 1871 Roscius.
1481 1823 1640 1886 Spero
1698 1838 1762 1871 ex
1810 1823 1907 1872 hoc

346 1904 460 1969 ipso
493 1921 597 1954 non
630 1921 738 1954 esse
779 1906 1071 1962 obscurum,
1109 1906 1176 1953 ad
1217 1921 1372 1968 quem
1405 1905 1628 1969 suspicio
1668 1905 1908 1954 maleficii

349 1987 641 2051 pertineat;
707 2004 889 2037 verum
925 1988 991 2045 id,
1040 1988 1183 2051 quod
1219 1988 1389 2036 adhuc
1425 1993 1503 2037 est
1549 1988 1903 2052 suspiciosum,

345 2070 450 2121 nisi
470 2058 798 2135 perspicuum
823 2087 902 2119 res
934 2071 1049 2134 ipsa
1073 2070 1265 2129 fecerit,
1293 2072 1430 2120 hunc
1468 2071 1694 2120 adfinem
1728 2072 1911 2135 culpae

347 2152 646 2203 iudicatote.

483 2237 663 2286 Occiso
721 2238 834 2287 Sex.
889 2236 1076 2286 Roscio
1134 2237 1329 2301 primus
1377 2237 1642 2286 Ameriam
1698 2238 1909 2288 nuntiat
1940 2239 2008 2290 219

350 2320 556 2369 Mallius
573 2320 789 2369 Glaucia
814 2319 1045 2384 quidam,
1074 2321 1230 2369 homo
1247 2319 1432 2377 tenuis,
1458 2320 1746 2379 libertinuS,
1766 2320 1923 2369 cliens

352 2407 406 2451 et
436 2402 703 2453 familiaris
741 2402 890 2451 istius
920 2403 975 2452 T.
1012 2403 1181 2460 Rosci,
1226 2408 1277 2452 et
1307 2403 1519 2452 nuntiat
1558 2405 1774 2453 domurn
1804 2419 1910 2453 non

351 2485 456 2543 filii,
496 2487 586 2535 sed
622 2486 676 2535 T.
717 2485 983 2549 Capitonis
1027 2485 1252 2544 inimici;
1320 2490 1372 2534 et
1408 2502 1527 2534 cum
1572 2491 1691 2550 post
1728 2487 1910 2535 horam

350 2567 573 2631 primam
608 2568 776 2618 noctis
809 2568 1006 2617 occisus
1041 2575 1188 2626 esset,
1226 2569 1395 2633 primo
1428 2569 1653 2618 diluculo
1697 2569 1912 2618 nuntius

353 2650 435 2700 hic
471 2651 735 2700 Ameriam
771 2651 950 2709 venit;
1020 2652 1197 2700 decem
1242 2651 1381 2720 horis
1417 2652 1684 2701 nocturnis
1732 2668 1821 2700 sex
1859 2657 1911 2700 et

351 2733 733 2797 quinquaginta
783 2734 926 2782 milia
976 2750 1224 2797 passuum
1267 2734 1401 2783 cisiis
1451 2735 1758 2800 pervolavit,
1805 2751 1909 2783 non

354 2817 511 2865 modo
530 2822 590 2865 ut
619 2821 929 2880 exoptatum
947 2816 1154 2865 inimico
1182 2817 1426 2866 nuntium
1453 2817 1650 2882 primus
1669 2818 1908 2875 adferret,

354 2900 446 2948 sed
511 2900 670 2948 etiam
736 2915 968 2948 cruorem
1026 2899 1219 2948 inimici
1284 2916 1445 2963 quam
1501 2900 1912 2949 recentissimum
