2216 3288
606 365 750 417 CAP.
805 366 1298 418 XXVII—XXIX.
1373 371 1632 432 §74—-79
1835 371 1902 419 29

341 482 438 531 tali
471 482 699 542 crimine,
738 485 882 548 quod
914 485 1283 534 innocentibus
1317 486 1475 536 saluti
1508 486 1640 535 solet
1676 501 1800 543 esse,
1837 491 1899 536 ut

342 580 520 615 servos
557 566 612 614 in
650 567 1014 631 quaestionem
1052 568 1413 633 polliceantur,
1454 568 1510 618 id
1548 569 1664 618 Sex.
1708 569 1901 618 Roscio

342 647 513 697 facere
534 665 640 697 non
661 649 783 698 licet
809 651 817 698 1
863 651 984 708 Vos,
1010 644 1101 715 qui
1122 652 1263 700 hunc
1285 651 1558 710 accusatis,
1585 667 1767 701 omnes
1789 651 1900 701 eius

342 745 520 780 servos
550 731 758 781 habetis
782 748 791 790 ;
844 749 980 782 1111115
1010 750 1142 799 puer
1170 734 1345 783 victus
1377 733 1630 782 cotidiani
1661 733 1900 784 minister

343 829 407 862 ex
446 817 602 863 tanta
639 815 839 864 familia
877 816 993 865 Sex.
1037 816 1228 866 Roscio
1266 816 1477 866 relictus
1515 833 1622 866 non
1660 822 1753 866 est.
1826 818 1900 867 Te

343 911 483 945 nunc
511 898 731 962 appeHO,
762 898 818 947 P.
850 898 1039 964 Scipio,
1069 905 1137 957 te,
1167 900 1237 948 M.
1268 900 1475 948 Metelle
1499 915 1509 957 ;
1558 899 1710 953 vobis
1737 900 1898 949 advo-

343 979 491 1037 catiS,
511 979 663 1030 vobis
681 981 958 1045 agentibus
976 981 1291 1046 aliquotiens
1309 982 1441 1031 duos
1458 998 1635 1032 servos
1652 988 1901 1048 paternos

342 1061 397 1110 in
417 1063 780 1126 quaestionem
795 1066 861 1114 ab
884 1064 1195 1113 adversariis
1207 1065 1322 1114 Sex.
1340 1065 1560 1114 Roscius
1579 1065 1897 1129 postulavit;

342 1144 722 1195 meministisne
751 1147 807 1196 T.
844 1147 1093 1196 Roscium
1122 1163 1358 1196 recusare
1383 1148 1401 1196 P
1463 1148 1603 1212 Quid
1627 1149 1644 1197 Ρ
1699 1148 1734 1196 11
1764 1148 1901 1197 servi

345 1227 438 1276 ubi
471 1229 639 1277 sunt?
699 1229 1109 1295 Chrysogonum,
1148 1231 1359 1288 iudiceS‚
1397 1235 1703 1288 sectantur;
1759 1232 1903 1297 apud

345 1325 465 1359 eum
491 1308 616 1359 sunt
641 1311 696 1360 in
720 1313 918 1362 honore
943 1318 996 1362 et
1021 1313 1076 1362 in
1101 1313 1285 1378 pretio.
1360 1313 1540 1362 Etiam
1566 1329 1720 1372 nunc,
1750 1319 1810 1363 ut
1837 1331 1902 1363 ex

344 1391 408 1441 iis
442 1398 743 1458 quaeratur,
782 1411 876 1459 ego
910 1396 1136 1461 postu10‚
1174 1395 1259 1445 hic
1294 1401 1410 1444 orat
1446 1401 1608 1460 atque
1643 1398 1897 1446 obsecrat.

347 1475 487 1540 Quid
517 1476 732 1527 facitis?
788 1494 881 1526 cur
911 1479 1204 1529 recusatis?
1260 1479 1520 1528 Dubitate
1552 1480 1713 1529 etiam
1744 1496 1898 1538 1111116,
1938 1482 2003 1535 78

347 1557 560 1617 iudices,
589 1559 632 1608 si
655 1561 893 1624 potestis,
922 1579 953 1611 a
978 1578 1082 1626 quo
1107 1562 1176 1611 sit
1200 1563 1317 1611 Sex.
1348 1563 1567 1617 Roscius
1592 1563 1807 1620 occisus,
1834 1563 1901 1612 ab

350 1657 492 1700 eone,
540 1643 630 1706 qui
672 1649 889 1708 propter
929 1644 1067 1694 illius
1109 1649 1333 1694 mortem
1376 1645 1431 1692 in
1475 1651 1708 1710 egestate
1752 1651 1806 1695 et
1848 1646 1902 1694 in

346 1723 548 1773 insidiis
576 1732 833 1784 versatur,
869 1727 952 1776 cui
982 1744 1047 1776 ne
1078 1728 1363 1791 quaerendi
1394 1728 1607 1791 quidem
1639 1729 1703 1777 de
1734 1733 1903 1778 morte

346 1807 513 1872 patris
531 1813 770 1872 potestas
787 1810 1130 1874 permittitur,
1154 1826 1222 1859 an
1242 1813 1308 1860 ab
1328 1810 1405 1868 iis,
1429 1811 1520 1874 qui
1540 1812 1903 1875 quaestionem

347 1889 596 1955 fugitant,
638 1891 779 1941 bona
817 1875 1103 1957 possident,
1145 1893 1200 1941 in
1241 1893 1398 1942 caede
1438 1899 1600 1958 atque
1640 1911 1704 1943 ex
1744 1895 1902 1944 caede

347 1972 555 2022 vivunt.
629 1974 835 2033 Omnia,
876 1975 1088 2033 iudices,
1129 1975 1182 2024 in
1221 1977 1318 2025 hac
1358 1992 1516 2025 causa
1554 1983 1677 2026 sunt
1714 1976 1903 2027 misera

350 2059 512 2119 atque
530 2056 746 2120 indigna
769 2072 779 2115 ;
820 2062 1000 2107 tamen
1018 2060 1117 2108 hoc
1136 2058 1265 2109 nihil
1282 2075 1454 2123 neque
1474 2060 1713 2109 acerbius
1732 2075 1903 2125 neque
1925 2121 1932 2130 ι

347 2136 578 2203 iniquius
612 2141 831 2204 proferri
866 2146 1076 2205 potest:
1134 2142 1319 2191 mortis
1354 2147 1607 2207 paternae
1642 2143 1707 2193 de
1742 2143 1904 2192 servis

346 2221 581 2286 paternis
607 2223 971 2287 quaestionem
997 2225 1190 2274 habere
1214 2225 1321 2274 filio
1348 2240 1454 2274 non
1479 2226 1601 2274 licet
1626 2227 1634 2274 ἱ
1683 2227 1764 2275 Ν6
1790 2231 1902 2275 tam

347 2303 439 2352 diu
461 2304 676 2369 quidem
698 2306 943 2355 dominus
966 2306 1064 2356 en't
1086 2307 1141 2356 in
1163 2323 1299 2366 suos,
1327 2308 1455 2356 dum
1479 2325 1543 2358 ex
1565 2309 1628 2358 iis
1650 2309 1716 2358 de
1738 2309 1904 2374 patris

346 2391 517 2436 morte
540 2393 827 2452 quaeratur
851 2390 869 2438 ?
919 2389 1154 2448 Veniam,
1181 2406 1352 2455 neque
1375 2391 1453 2440 ita
1476 2392 1648 2441 multo
1671 2397 1808 2456 post,
1837 2392 1905 2440 ad

348 2468 488 2519 hunc
511 2470 684 2520 locum
708 2486 719 2530 ;
762 2487 888 2521 nam
911 2473 1009 2522 hoc
1034 2477 1210 2522 totum
1234 2473 1303 2522 ad
1327 2473 1544 2523 Roscios
1566 2474 1811 2539 pertinet,
1838 2475 1904 2523 de

346 2567 573 2617 quorum
613 2554 835 2604 audacia
874 2560 992 2604 tum
1032 2572 1116 2605 me
1156 2555 1423 2605 dicturum
1462 2553 1725 2622 pollicitus
1765 2573 1896 2613 sum,

347 2650 469 2684 cum
492 2635 652 2685 Eruci
677 2637 896 2687 crimina
919 2637 1200 2688 diluissem.
1947 2691 1950 2695 .

414 2717 623 2768 XXIX.
662 2720 832 2778 Nune,
862 2720 1036 2779 Eruci,
1067 2721 1138 2770 ad
1163 2727 1217 2771 te
1243 2721 1413 2772 venio.
1455 2723 1747 2773 Conveniat
1775 2725 1904 2775 mihi
1939 2729 2005 2781 “19
2075 2728 2080 2732 ’

345 2803 522 2851 tecum
538 2817 746 2852 necesse
763 2807 858 2860 est,
879 2803 922 2851 si
939 2803 1008 2852 ad
1025 2804 1164 2853 hunc
1181 2804 1499 2855 maleficium
1514 2805 1660 2855 istud
1676 2807 1920 2871 pertinet,

347 2887 442 2933 aut
470 2883 645 2949 ipsum
675 2901 771 2934 sua
799 2901 962 2935 manu
992 2886 1188 2945 fecisse,
1220 2887 1283 2950 ici
1305 2889 1449 2953 quod
1478 2904 1652 2952 nega5‚
1686 2894 1779 2939 aut
1810 2908 1902 2956 per

344 2965 547 3031 aliquos
576 2966 767 3018 liberos
797 2972 893 3018 aut
924 2984 1116 3020 servos
1189 2969 1470 3021 Liberosne
1494 2971 1514 3021 ?
1568 2987 1702 3036 quos
1733 2989 1904 3039 neque
