2216 3288
230 909 331 959 122

233 2081 333 2130 123

369 370 436 418 46
835 366 977 416 PRO
1030 366 1184 418 SEX.
1241 365 1494 416 ROSCIO

369 488 568 538 iudices
591 503 601 546 ;
653 503 761 537 non
791 490 871 536 est
900 485 1013 537 veri
1042 486 1226 546 simile,
1259 491 1322 536 ut
1352 487 1723 551 Chrysogonus
1751 487 1943 536 horum

369 572 575 622 litteras
633 570 898 621 adamarit
956 574 1051 620 aut
1109 570 1518 630 humanitatem,
1579 586 1687 620 non
1743 574 1805 619 ut
1862 569 1939 620 rei

370 654 643 705 familiaris
698 654 912 719 negotio
968 653 1299 719 diligentiam
1355 653 1593 719 cognorit
1649 669 1831 703 eorum
1886 657 1941 704 et

371 739 543 789 fidem.
618 740 717 788 Est
756 737 1028 803 quiddam,
1072 737 1218 803 quod
1255 737 1590 796 occultatur;
1650 737 1797 803 quod
1833 752 1962 802 quo<

370 822 658 873 studiosius
677 822 744 871 ab
763 822 880 871 istis
899 820 1218 887 opprimitur
1237 826 1291 871 et
1310 819 1671 880 absconditur,
1693 837 1754 870 eo
1772 820 1942 886 magis

370 907 565 957 eminet
588 910 641 956 et
664 909 902 971 apparet.
943 904 1137 955 XLII(
1159 904 1300 970 Quid
1319 904 1482 970 igitur
1504 905 1524 954 ?
1570 904 1942 970 Chrysogonus

370 990 518 1040 suine
554 989 798 1040 maleficii
834 988 1138 1039 occultandi
1174 1005 1336 1039 causa
1371 987 1739 1054 quaestionem
1775 989 1842 1038 de
1876 987 1942 1038 iis
1971 1056 1973 1058 Ι

369 1075 551 1125 haberi
587 1090 694 1123 non
727 1073 890 1123 vult?
967 1073 1197 1131 Minime,
1235 1072 1469 1131 iudices;
1526 1088 1634 1121 non
1667 1071 1723 1121 in
1758 1086 1942 1122 omnes

371 1157 599 1208 arbitror
622 1156 800 1207 omnia
825 1155 1119 1207 convenire.
1195 1156 1309 1221 Ego
1332 1156 1388 1205 in
1413 1156 1767 1221 ChrysogonO,
1795 1154 1942 1220 quod

371 1241 440 1291 ad
470 1259 554 1291 me
586 1241 798 1300 attinet,
835 1240 965 1290 nihil
997 1240 1107 1289 eius
1139 1240 1284 1289 modi
1315 1239 1584 1305 suspicor;
1637 1255 1808 1304 neque
1838 1240 1939 1288 hoc

370 1325 498 1376 mihi
530 1342 670 1374 nunc
701 1325 933 1390 primum
964 1324 1019 1373 in
1050 1328 1285 1373 mentem
1316 1322 1463 1373 venit
1497 1324 1681 1373 dicere.
1757 1322 1937 1372 Memi—

371 1408 522 1458 nistis
553 1425 638 1458 me
669 1409 748 1458 ita
780 1406 1109 1458 distribuisse
1140 1406 1293 1457 initio
1326 1423 1541 1456 causam
1566 1422 1575 1456 :
1629 1407 1684 1456 in
1725 1405 1940 1464 crimen,

371 1492 519 1542 cuius
555 1497 674 1542 tota
710 1491 1102 1556 argumentatio
1138 1490 1394 1556 permissa
1429 1490 1623 1540 Erucio
1660 1494 1755 1549 est,
1795 1493 1848 1540 et
1883 1489 1940 1539 in

371 1576 665 1635 audaciam,
731 1575 880 1625 cuius
941 1580 1120 1641 partes
1183 1574 1387 1624 Rosciis
1448 1574 1730 1640 impositae
1791 1578 1933 1624 sunt.

372 1659 636 1725 Quicquid
685 1658 943 1718 maleficii,
997 1658 1217 1717 sceleris,
1271 1657 1447 1708 caedis
1497 1658 1610 1716 erit,
1663 1656 1936 1723 proprium

371 1744 426 1793 id
461 1744 772 1794 Rosciorum
807 1759 916 1792 esse
951 1742 1181 1792 debebit.
1229 1741 1463 1792 Nimiam
1496 1741 1724 1807 gratiam
1756 1745 1942 1806 poten-

374 1828 610 1892 tiamque
659 1827 986 1891 Chrysogoni
1037 1826 1261 1876 dicimus
1311 1832 1363 1876 et
1413 1824 1565 1875 nobis
1624 1826 1838 1875 obstare
1884 1830 1938 1875 et
1976 1858 1982 1865 ·

371 1911 588 1977 perferri
641 1911 785 1960 nullo
845 1911 1005 1960 modo
1056 1926 1216 1975 posse>
1261 1914 1314 1959 et
1374 1925 1406 1959 a
1463 1908 1630 1967 vobi5‚
1685 1907 1941 1974 quoniam

372 2000 610 2060 potestas
641 1995 770 2044 data
800 1999 895 2052 est,
931 2010 1037 2044 non
1067 1994 1228 2043 modo
1257 1992 1528 2051 infirmari,
1561 1982 1747 2042 verum
1778 1991 1942 2041 etiam

371 2078 629 2128 vindicari
680 2083 936 2144 oportere.
1012 2078 1126 2142 Ego
1178 2077 1250 2126 sic
1302 2076 1562 2134 existimo,
1617 2075 1709 2140 qui
1759 2074 1942 2140 quaeri

372 2162 502 2212 velit
557 2179 622 2211 ex
675 2162 753 2220 iis,
811 2178 944 2226 quos
998 2165 1225 2219 constat,
1273 2177 1393 2211 cum
1437 2160 1623 2209 caedes
1667 2159 1811 2209 facta
1855 2158 1943 2219 sit,

373 2245 618 2303 adfuisse,
661 2262 782 2294 eum
819 2261 1009 2310 cupere
1048 2261 1231 2294 verum
1270 2243 1528 2302 inveniri;
1587 2242 1681 2307 qui
1716 2246 1937 2301 recuset,

374 2346 495 2380 eum
531 2329 784 2395 profectO,
825 2328 1041 2378 tametsi
1077 2328 1240 2377 verbo
1277 2343 1384 2377 non
1421 2327 1632 2385 audeat,
1671 2330 1853 2376 tamen
1888 2341 1947 2376 re

374 2412 490 2477 ipsa
523 2413 587 2462 de
620 2412 877 2462 maleficio
910 2429 1005 2461 suo
1038 2410 1291 2460 confiteri.
1367 2410 1492 2460 Dixi
1523 2409 1690 2468 initio,
1725 2409 1941 2469 iudices,

372 2496 510 2546 nolle
536 2513 622 2546 me
648 2496 802 2562 plura
829 2496 895 2546 de
922 2496 1145 2545 istorum
1168 2495 1357 2544 scelere
1385 2493 1571 2552 dicere,
1601 2509 1764 2558 quam
1783 2507 1946 2543 causa

373 2580 666 2644 postularet
688 2596 748 2629 ac
770 2579 1053 2629 necessitas
1073 2579 1188 2644 ipsa
1208 2582 1430 2642 cogeret.
1505 2577 1645 2626 Nam
1666 2581 1719 2626 et
1739 2576 1942 2626 multae

373 2679 454 2712 res
476 2664 666 2712 adferri
687 2669 925 2728 possunt,
951 2668 1003 2712 et
1025 2679 1132 2713 una
1152 2678 1394 2727 quaeque
1415 2677 1596 2710 earum
1616 2659 1798 2710 multis
1818 2675 1941 2708 cum

377 2746 699 2810 argumentis
726 2746 828 2795 dici
853 2751 1046 2812 potest.
1123 2746 1317 2795 Verum
1344 2761 1454 2809 ego,
1483 2743 1628 2809 quod
1651 2743 1853 2792 invitus
1878 2759 1940 2792 ae

375 2830 663 2879 necessario
706 2830 855 2889 facio,
900 2847 1070 2895 neque
1111 2828 1202 2879 diu
1242 2845 1413 2893 neque
1453 2826 1730 2892 diligenter
1769 2826 1941 2876 facere

375 2929 604 2977 possum.
680 2913 826 2977 Quae
867 2912 1140 2978 praeteriri
1181 2913 1326 2961 nullo
1366 2911 1527 2960 modo
1567 2913 1832 2975 poterant,
1877 2925 1940 2959 ea

375 2995 576 3054 leviter,
605 2996 816 3054 iudices,
846 2996 1015 3061 attigi,
1044 3013 1182 3061 quae
1206 2992 1382 3061 posita
1406 2999 1531 3043 sunt
1555 2993 1611 3042 in
1636 2991 1942 3059 suspicioni-
