2170 3314
277 1025 489 1102 PRO
556 1027 782 1103 SEX.
855 1026 1235 1102 ROSCIO
1303 1026 1805 1105 AMERINO

367 1277 405 1326 Ι.
479 1277 642 1326 Credo
668 1294 760 1341 ego
786 1293 894 1335 vos,
931 1276 1139 1335 iudices,
1169 1277 1359 1335 mirari,
1398 1276 1526 1342 quid
1549 1276 1631 1334 sit,
1669 1277 1827 1341 quod,
1864 1280 1893 1328 1

263 1375 384 1407 cum
418 1364 499 1409 tot
541 1361 731 1409 summi
774 1365 1006 1410 oratores
1038 1360 1375 1424 hominesque
1418 1359 1723 1410 nobilissimi
1756 1376 1830 1409 se-

263 1441 440 1500 deant,
474 1459 566 1507 ego
605 1443 936 1507 potissimum
975 1443 1298 1500 surrexerim,
1331 1443 1422 1507 qui
1458 1459 1627 1507 neque
1656 1447 1833 1492 aetate

262 1541 432 1588 neque
471 1525 676 1590 ingenio
725 1542 893 1590 neque
934 1526 1251 1575 auctoritate
1300 1526 1397 1574 sim
1437 1542 1557 1574 cum
1605 1526 1698 1584 his,
1741 1525 1835 1589 qui

262 1608 493 1666 sedeant,
514 1609 910 1673 comparandus.
978 1609 1172 1658 Omnes
1189 1609 1256 1667 hi,
1278 1624 1409 1672 quos
1426 1608 1616 1658 videtis
1633 1609 1831 1666 adesse,

261 1690 316 1739 in
351 1692 448 1740 hac
480 1707 636 1740 causa
666 1691 907 1740 iniuriam
939 1707 1076 1740 novo
1108 1692 1293 1740 scelere
1324 1692 1607 1740 conflatam
1636 1696 1833 1756 putant

262 1779 502 1838 oportere
533 1774 755 1832 defendi,
801 1774 1075 1823 defendere
1106 1775 1204 1838 ipsi
1243 1779 1457 1839 propter
1496 1774 1831 1838 iniquitatem

262 1860 560 1920 temporum
595 1873 701 1906 non
727 1858 938 1907 audent.
1014 1859 1099 1906 Ita
1124 1858 1199 1915 fit,
1239 1864 1299 1906 ut
1326 1858 1500 1906 adsint
1537 1863 1828 1922 propterea,

262 1941 405 2003 quod
428 1939 655 1988 officium
686 1945 990 2004 sequuntur,
1018 1945 1230 1989 taceant
1262 1945 1442 1989 autem
1464 1939 1669 1999 idcirco,
1705 1940 1831 2004 quia

262 2022 550 2087 periculum
608 2023 797 2072 vitant.
872 2023 1011 2087 Quid
1069 2024 1229 2087 ergo?
1303 2022 1679 2072 audacissimus
1736 2039 1831 2087 ego
1865 2025 1902 2074 2

262 2121 327 2154 ex
365 2105 648 2155 omnibus?
724 2106 948 2155 Minime.
1050 2106 1133 2154 An
1171 2110 1323 2154 tanto
1361 2105 1634 2155 officiosior
1669 2121 1830 2170 quam

262 2188 419 2237 ceteri
443 2189 461 2237 ?
562 2188 642 2237 Ne
664 2189 815 2237 istius
839 2188 1051 2252 quidem
1074 2188 1244 2238 laudis
1266 2189 1343 2238 ita
1366 2205 1483 2237 sum
1506 2188 1740 2253 cupidus,
1768 2193 1829 2237 ut

261 2270 375 2319 aliis
419 2287 534 2319 eam
578 2276 908 2336 praereptam
952 2271 1123 2320 velim.
1232 2272 1376 2336 Quae
1420 2288 1505 2321 me
1547 2271 1706 2334 igitur
1749 2287 1833 2320 res

261 2358 467 2417 praeter
526 2359 723 2404 ceteros
792 2354 1014 2418 impulit,
1079 2360 1139 2403 ut
1209 2370 1420 2403 causam
1482 2355 1597 2403 Sex.
1673 2354 1831 2403 Rosci

262 2436 584 2500 reciperem?
669 2437 817 2501 Quia,
870 2437 913 2485 si
971 2437 1087 2501 quis
1135 2437 1356 2486 istorum
1414 2437 1643 2494 dixisset,
1696 2453 1833 2501 quos

260 2518 453 2568 videtis
478 2519 670 2578 adesse,
707 2520 762 2568 in
787 2520 977 2583 quibus
1012 2536 1218 2569 summa
1242 2520 1530 2569 auctoritas
1564 2525 1642 2569 est
1668 2524 1832 2584 atquc

262 2602 571 2666 amplitudO,
601 2603 645 2652 si
680 2604 901 2653 verbum
929 2603 993 2651 de
1029 2619 1082 2652 re
1109 2603 1318 2667 publica
1344 2603 1564 2660 fecisset,
1603 2602 1658 2651 id
1684 2602 1829 2667 quod

261 2684 316 2733 in
352 2686 450 2734 hac
486 2671 644 2734 caus⁰a
680 2686 789 2735 fieri
833 2701 1038 2734 necesse
1074 2690 1168 2743 est,
1218 2685 1386 2734 multo
1423 2686 1573 2750 plura
1618 2685 1823 2742 dixisse,

261 2783 423 2831 quam
447 2767 677 2826 dixisset,
714 2773 1023 2832 putaretur;
1077 2785 1171 2832 ego
1195 2774 1374 2817 autem
1407 2769 1450 2816 si
1474 2767 1663 2826 omnia,
1691 2784 1827 2832 quae
1862 2770 1899 2818 3
1956 2770 1960 2772 ’

259 2849 482 2900 dicenda
517 2855 656 2908 sunt,
686 2851 844 2901 libere
881 2850 1074 2908 dixero,
1106 2867 1443 2915 nequaquam
1480 2856 1658 2899 tamen
1687 2850 1826 2899 simi-

261 2930 381 2982 liter
430 2932 599 2983 oratio
658 2949 775 2983 mea
826 2933 964 2983 exire
1025 2937 1185 2998 atque
1235 2933 1288 2982 in
1347 2933 1532 2997 volgus
1584 2948 1830 2984 emanare
