<?xml version="1.0" encoding="UTF-8"?>
<!DOCTYPE html PUBLIC "-//W3C//DTD XHTML 1.0 Transitional//EN"
    "http://www.w3.org/TR/xhtml1/DTD/xhtml1-transitional.dtd">
<html xmlns="http://www.w3.org/1999/xhtml" xml:lang="en" lang="en">
 <head>
  <title>
</title>
<meta http-equiv="Content-Type" content="text/html;charset=utf-8" />
  <meta name='ocr-system' content='tesseract 3.04.00' />
  <meta name='ocr-capabilities' content='ocr_page ocr_carea ocr_par ocr_line ocrx_word'/>
</head>
<body>
  <div class='ocr_page' id='page_1' title='image "./proroscioamerino00ciceuoft/proroscioamerino00ciceuoft_0028.png"; bbox 0 0 2216 3288; ppageno 0'>
   <div class='ocr_carea' id='block_1_1' title="bbox 332 324 1453 386">
    <p class='ocr_par' dir='ltr' id='par_1_1' title="bbox 332 324 1453 386">
     <span class='ocr_line' id='line_1_1' title="bbox 332 324 1453 386; baseline -0.004 -7"><span class='ocrx_word' id='word_1_1' title='bbox 332 330 366 379; x_wconf 85' lang='lat'>8</span> <span class='ocrx_word' id='word_1_2' title='bbox 798 325 941 375; x_wconf 91' lang='lat' dir='ltr'>PRO</span> <span class='ocrx_word' id='word_1_3' title='bbox 990 324 1143 376; x_wconf 89' lang='lat' dir='ltr'><strong>SEX.</strong></span> <span class='ocrx_word' id='word_1_4' title='bbox 1159 374 1162 386; x_wconf 80' lang='grc'>,</span> <span class='ocrx_word' id='word_1_5' title='bbox 1199 324 1453 377; x_wconf 83' lang='lat' dir='ltr'>ROSCIO</span> 
     </span>
    </p>
   </div>
   <div class='ocr_carea' id='block_1_2' title="bbox 330 446 1904 511">
    <p class='ocr_par' dir='ltr' id='par_1_2' title="bbox 330 446 1904 511">
     <span class='ocr_line' id='line_1_2' title="bbox 330 446 1904 511; baseline 0 -15"><span class='ocrx_word' id='word_1_6' title='bbox 330 447 600 511; x_wconf 89' lang='lat' dir='ltr'>telumque</span> <span class='ocrx_word' id='word_1_7' title='bbox 624 446 782 511; x_wconf 90' lang='lat' dir='ltr'>paulo</span> <span class='ocrx_word' id='word_1_8' title='bbox 807 450 931 494; x_wconf 88' lang='lat' dir='ltr'>ante</span> <span class='ocrx_word' id='word_1_9' title='bbox 958 462 986 494; x_wconf 92' lang='lat' dir='ltr'>e</span> <span class='ocrx_word' id='word_1_10' title='bbox 1009 460 1223 510; x_wconf 91' lang='lat' dir='ltr'>corpore</span> <span class='ocrx_word' id='word_1_11' title='bbox 1258 450 1556 495; x_wconf 85' lang='lat' dir='ltr'>extractum</span> <span class='ocrx_word' id='word_1_12' title='bbox 1591 446 1904 497; x_wconf 76' lang='lat' dir='ltr'>ostenderet.</span> 
     </span>
    </p>
   </div>
   <div class='ocr_carea' id='block_1_3' title="bbox 225 529 1911 595">
    <p class='ocr_par' dir='ltr' id='par_1_3' title="bbox 225 529 1911 595">
     <span class='ocr_line' id='line_1_3' title="bbox 225 529 1911 595; baseline -0.003 -13"><span class='ocrx_word' id='word_1_13' title='bbox 225 531 294 582; x_wconf 82' lang='grc'>20</span> <span class='ocrx_word' id='word_1_14' title='bbox 330 530 657 595; x_wconf 72' lang='lat' dir='ltr'>QuadridUQ</span> <span class='ocrx_word' id='word_1_15' title='bbox 682 546 787 594; x_wconf 91' lang='lat' dir='ltr'>quo</span> <span class='ocrx_word' id='word_1_16' title='bbox 808 532 941 579; x_wconf 92' lang='lat' dir='ltr'>haec</span> <span class='ocrx_word' id='word_1_17' title='bbox 970 532 1122 594; x_wconf 89' lang='lat' dir='ltr'>gesta</span> <span class='ocrx_word' id='word_1_18' title='bbox 1142 533 1285 587; x_wconf 90' lang='lat' dir='ltr'>sunt,</span> <span class='ocrx_word' id='word_1_19' title='bbox 1317 544 1398 578; x_wconf 90' lang='lat' dir='ltr'>res</span> <span class='ocrx_word' id='word_1_20' title='bbox 1420 531 1490 579; x_wconf 89' lang='lat' dir='ltr'>ad</span> <span class='ocrx_word' id='word_1_21' title='bbox 1513 529 1911 593; x_wconf 83' lang='lat' dir='ltr'>Chrysogonum</span> 
     </span>
    </p>
   </div>
   <div class='ocr_carea' id='block_1_4' title="bbox 232 1367 291 1417">
    <p class='ocr_par' dir='ltr' id='par_1_4' title="bbox 232 1367 291 1417">
     <span class='ocr_line' id='line_1_4' title="bbox 232 1367 291 1417; baseline 0 0"><span class='ocrx_word' id='word_1_22' title='bbox 232 1367 291 1417; x_wconf 90' lang='grc'>21</span> 
     </span>
    </p>
   </div>
   <div class='ocr_carea' id='block_1_5' title="bbox 327 612 1963 2099">
    <p class='ocr_par' dir='ltr' id='par_1_5' title="bbox 327 612 1963 2099">
     <span class='ocr_line' id='line_1_5' title="bbox 327 612 1911 675; baseline -0.001 -12"><span class='ocrx_word' id='word_1_23' title='bbox 327 614 383 663; x_wconf 92' lang='lat' dir='ltr'>in</span> <span class='ocrx_word' id='word_1_24' title='bbox 408 619 582 663; x_wconf 86' lang='lat' dir='ltr'>castra</span> <span class='ocrx_word' id='word_1_25' title='bbox 619 615 674 663; x_wconf 93' lang='lat' dir='ltr'>L.</span> <span class='ocrx_word' id='word_1_26' title='bbox 718 613 890 664; x_wconf 80' lang='lat' dir='ltr'>Sullae</span> <span class='ocrx_word' id='word_1_27' title='bbox 938 612 1238 663; x_wconf 80' lang='lat' dir='ltr'>Volaterras</span> <span class='ocrx_word' id='word_1_28' title='bbox 1275 613 1539 672; x_wconf 79' lang='lat' dir='ltr'>defertur;</span> <span class='ocrx_word' id='word_1_29' title='bbox 1598 612 1911 675; x_wconf 84' lang='lat' dir='ltr'>magnitudo</span> 
     </span>
     <span class='ocr_line' id='line_1_6' title="bbox 328 695 1958 764; baseline -0.002 -16"><span class='ocrx_word' id='word_1_30' title='bbox 328 697 583 764; x_wconf 89' lang='lat' dir='ltr'>pecuniae</span> <span class='ocrx_word' id='word_1_31' title='bbox 632 696 1061 755; x_wconf 86' lang='lat' dir='ltr'>demonstratur;</span> <span class='ocrx_word' id='word_1_32' title='bbox 1130 695 1342 745; x_wconf 81' lang='lat' dir='ltr'>bonitas</span> <span class='ocrx_word' id='word_1_33' title='bbox 1389 696 1722 761; x_wconf 87' lang='lat' dir='ltr'>praediorum</span> <span class='ocrx_word' id='word_1_34' title='bbox 1768 697 1909 757; x_wconf 88' lang='lat' dir='ltr'>(narn</span> <span class='ocrx_word' id='word_1_35' title='bbox 1954 721 1958 728; x_wconf 94' lang='lat'><em>·</em></span> 
     </span>
     <span class='ocr_line' id='line_1_7' title="bbox 331 778 1910 844; baseline -0.001 -14"><span class='ocrx_word' id='word_1_36' title='bbox 331 781 523 831; x_wconf 75' lang='lat' dir='ltr'>fundos</span> <span class='ocrx_word' id='word_1_37' title='bbox 545 782 725 830; x_wconf 90' lang='lat' dir='ltr'>decem</span> <span class='ocrx_word' id='word_1_38' title='bbox 760 784 814 830; x_wconf 90' lang='lat' dir='ltr'>et</span> <span class='ocrx_word' id='word_1_39' title='bbox 837 785 943 829; x_wconf 88' lang='lat' dir='ltr'>tres</span> <span class='ocrx_word' id='word_1_40' title='bbox 964 778 1190 844; x_wconf 88' lang='lat' dir='ltr'>reliquit,</span> <span class='ocrx_word' id='word_1_41' title='bbox 1227 780 1318 843; x_wconf 89' lang='lat' dir='ltr'>qui</span> <span class='ocrx_word' id='word_1_42' title='bbox 1339 779 1570 829; x_wconf 87' lang='lat' dir='ltr'>Tiberim</span> <span class='ocrx_word' id='word_1_43' title='bbox 1599 781 1706 830; x_wconf 81' lang='lat' dir='ltr'>fere</span> <span class='ocrx_word' id='word_1_44' title='bbox 1728 794 1910 828; x_wconf 91' lang='lat' dir='ltr'>omnes</span> 
     </span>
     <span class='ocr_line' id='line_1_8' title="bbox 332 863 1910 929; baseline -0.001 -17"><span class='ocrx_word' id='word_1_45' title='bbox 332 867 598 929; x_wconf 86' lang='lat' dir='ltr'>tangunt),</span> <span class='ocrx_word' id='word_1_46' title='bbox 640 863 795 912; x_wconf 92' lang='lat' dir='ltr'>huius</span> <span class='ocrx_word' id='word_1_47' title='bbox 840 863 1020 928; x_wconf 91' lang='lat' dir='ltr'>inopia</span> <span class='ocrx_word' id='word_1_48' title='bbox 1057 867 1109 912; x_wconf 89' lang='lat' dir='ltr'>et</span> <span class='ocrx_word' id='word_1_49' title='bbox 1158 863 1388 912; x_wconf 89' lang='lat' dir='ltr'>solitudo</span> <span class='ocrx_word' id='word_1_50' title='bbox 1435 867 1910 922; x_wconf 80' lang='lat' dir='ltr'>commemoratur;</span> 
     </span>
     <span class='ocr_line' id='line_1_9' title="bbox 331 945 1912 1011; baseline -0.001 -14"><span class='ocrx_word' id='word_1_51' title='bbox 331 949 716 1006; x_wconf 90' lang='lat' dir='ltr'>demonstrant,</span> <span class='ocrx_word' id='word_1_52' title='bbox 757 952 876 995; x_wconf 84' lang='lat' dir='ltr'>cum</span> <span class='ocrx_word' id='word_1_53' title='bbox 904 951 1055 1011; x_wconf 88' lang='lat' dir='ltr'>pater</span> <span class='ocrx_word' id='word_1_54' title='bbox 1091 945 1303 996; x_wconf 89' lang='lat' dir='ltr'>huiusce</span> <span class='ocrx_word' id='word_1_55' title='bbox 1331 947 1446 996; x_wconf 83' lang='lat' dir='ltr'>Sex.</span> <span class='ocrx_word' id='word_1_56' title='bbox 1480 946 1713 1004; x_wconf 63' lang='lat' dir='ltr'>Roscius</span> <span class='ocrx_word' id='word_1_57' title='bbox 1752 948 1912 996; x_wconf 91' lang='lat' dir='ltr'>homo</span> 
     </span>
     <span class='ocr_line' id='line_1_10' title="bbox 332 1029 1910 1098; baseline -0.001 -18"><span class='ocrx_word' id='word_1_58' title='bbox 332 1035 447 1080; x_wconf 90' lang='lat' dir='ltr'>tam</span> <span class='ocrx_word' id='word_1_59' title='bbox 472 1031 774 1096; x_wconf 91' lang='lat' dir='ltr'>splendidus</span> <span class='ocrx_word' id='word_1_60' title='bbox 800 1035 852 1080; x_wconf 89' lang='lat' dir='ltr'>et</span> <span class='ocrx_word' id='word_1_61' title='bbox 878 1030 1150 1094; x_wconf 87' lang='lat' dir='ltr'>gratiosus,</span> <span class='ocrx_word' id='word_1_62' title='bbox 1188 1030 1330 1080; x_wconf 91' lang='lat' dir='ltr'>nullo</span> <span class='ocrx_word' id='word_1_63' title='bbox 1368 1030 1577 1094; x_wconf 87' lang='lat' dir='ltr'>negotio</span> <span class='ocrx_word' id='word_1_64' title='bbox 1603 1029 1670 1098; x_wconf 84' lang='lat' dir='ltr'>sit</span> <span class='ocrx_word' id='word_1_65' title='bbox 1696 1029 1910 1088; x_wconf 57' lang='lat' dir='ltr'>occisus</span> 
     </span>
     <span class='ocr_line' id='line_1_11' title="bbox 333 1113 1911 1180; baseline -0.001 -16"><span class='ocrx_word' id='word_1_66' title='bbox 333 1114 577 1180; x_wconf 80' lang='lat' dir='ltr'>perfacile</span> <span class='ocrx_word' id='word_1_67' title='bbox 620 1116 758 1164; x_wconf 92' lang='lat' dir='ltr'>hunc</span> <span class='ocrx_word' id='word_1_68' title='bbox 813 1114 1079 1164; x_wconf 91' lang='lat' dir='ltr'>hominem</span> <span class='ocrx_word' id='word_1_69' title='bbox 1131 1114 1405 1163; x_wconf 89' lang='lat' dir='ltr'>incautum</span> <span class='ocrx_word' id='word_1_70' title='bbox 1449 1119 1502 1164; x_wconf 94' lang='lat' dir='ltr'>et</span> <span class='ocrx_word' id='word_1_71' title='bbox 1558 1113 1812 1180; x_wconf 85' lang='lat' dir='ltr'>rusticum</span> <span class='ocrx_word' id='word_1_72' title='bbox 1857 1117 1911 1162; x_wconf 91' lang='lat' dir='ltr'>et</span> 
     </span>
     <span class='ocr_line' id='line_1_12' title="bbox 335 1196 1909 1262; baseline -0.001 -15"><span class='ocrx_word' id='word_1_73' title='bbox 335 1198 537 1248; x_wconf 91' lang='lat' dir='ltr'>Romae</span> <span class='ocrx_word' id='word_1_74' title='bbox 567 1198 807 1262; x_wconf 90' lang='lat' dir='ltr'>ignotum</span> <span class='ocrx_word' id='word_1_75' title='bbox 839 1199 904 1247; x_wconf 91' lang='lat' dir='ltr'>de</span> <span class='ocrx_word' id='word_1_76' title='bbox 944 1197 1118 1247; x_wconf 91' lang='lat' dir='ltr'>medio</span> <span class='ocrx_word' id='word_1_77' title='bbox 1150 1196 1264 1246; x_wconf 92' lang='lat' dir='ltr'>tolli</span> <span class='ocrx_word' id='word_1_78' title='bbox 1303 1213 1488 1262; x_wconf 90' lang='lat' dir='ltr'>posse;</span> <span class='ocrx_word' id='word_1_79' title='bbox 1543 1198 1611 1246; x_wconf 87' lang='lat' dir='ltr'>ad</span> <span class='ocrx_word' id='word_1_80' title='bbox 1643 1213 1758 1246; x_wconf 90' lang='lat' dir='ltr'>eam</span> <span class='ocrx_word' id='word_1_81' title='bbox 1799 1213 1909 1246; x_wconf 90' lang='lat' dir='ltr'>rem</span> 
     </span>
     <span class='ocr_line' id='line_1_13' title="bbox 334 1279 1909 1347; baseline 0 -17"><span class='ocrx_word' id='word_1_82' title='bbox 334 1297 549 1347; x_wconf 87' lang='lat' dir='ltr'>operam</span> <span class='ocrx_word' id='word_1_83' title='bbox 568 1298 717 1330; x_wconf 90' lang='lat' dir='ltr'>suam</span> <span class='ocrx_word' id='word_1_84' title='bbox 737 1281 1063 1346; x_wconf 81' lang='lat' dir='ltr'>pollicentur.</span> <span class='ocrx_word' id='word_1_85' title='bbox 1122 1279 1203 1329; x_wconf 93' lang='lat' dir='ltr'>Ne</span> <span class='ocrx_word' id='word_1_86' title='bbox 1223 1280 1421 1330; x_wconf 91' lang='lat' dir='ltr'>diutius</span> <span class='ocrx_word' id='word_1_87' title='bbox 1441 1286 1666 1338; x_wconf 88' lang='lat' dir='ltr'>teneam,</span> <span class='ocrx_word' id='word_1_88' title='bbox 1699 1280 1909 1340; x_wconf 82' lang='lat' dir='ltr'>iudiceS‚</span> 
     </span>
     <span class='ocr_line' id='line_1_14' title="bbox 336 1363 1914 1429; baseline -0.002 -14"><span class='ocrx_word' id='word_1_89' title='bbox 336 1365 558 1415; x_wconf 88' lang='lat' dir='ltr'>societas</span> <span class='ocrx_word' id='word_1_90' title='bbox 585 1365 767 1414; x_wconf 80' lang='lat' dir='ltr'>coitur.</span> <span class='ocrx_word' id='word_1_91' title='bbox 863 1365 1010 1414; x_wconf 83' lang='lat' dir='ltr'>VIII.</span> <span class='ocrx_word' id='word_1_92' title='bbox 1052 1365 1183 1413; x_wconf 89' lang='lat' dir='ltr'>Cum</span> <span class='ocrx_word' id='word_1_93' title='bbox 1212 1364 1354 1414; x_wconf 88' lang='lat' dir='ltr'>nulla</span> <span class='ocrx_word' id='word_1_94' title='bbox 1388 1365 1493 1414; x_wconf 90' lang='lat' dir='ltr'>iam</span> <span class='ocrx_word' id='word_1_95' title='bbox 1521 1363 1914 1429; x_wconf 79' lang='lat' dir='ltr'>proscriptionis</span> 
     </span>
     <span class='ocr_line' id='line_1_15' title="bbox 334 1447 1963 1513; baseline -0.001 -16"><span class='ocrx_word' id='word_1_96' title='bbox 334 1450 534 1498; x_wconf 89' lang='lat' dir='ltr'>mentio</span> <span class='ocrx_word' id='word_1_97' title='bbox 553 1450 713 1507; x_wconf 88' lang='lat' dir='ltr'>fieret,</span> <span class='ocrx_word' id='word_1_98' title='bbox 746 1464 866 1496; x_wconf 92' lang='lat' dir='ltr'>cum</span> <span class='ocrx_word' id='word_1_99' title='bbox 886 1448 1047 1498; x_wconf 87' lang='lat' dir='ltr'>etiam</span> <span class='ocrx_word' id='word_1_100' title='bbox 1077 1448 1167 1513; x_wconf 89' lang='lat' dir='ltr'>qui</span> <span class='ocrx_word' id='word_1_101' title='bbox 1186 1453 1343 1497; x_wconf 88' lang='lat' dir='ltr'>antea</span> <span class='ocrx_word' id='word_1_102' title='bbox 1367 1452 1666 1497; x_wconf 88' lang='lat' dir='ltr'>metuerant</span> <span class='ocrx_word' id='word_1_103' title='bbox 1685 1447 1913 1496; x_wconf 85' lang='lat' dir='ltr'>redirent</span> <span class='ocrx_word' id='word_1_104' title='bbox 1958 1476 1963 1483; x_wconf 91' lang='lat'><strong>·</strong></span> 
     </span>
     <span class='ocr_line' id='line_1_16' title="bbox 336 1531 1914 1596; baseline 0 -15"><span class='ocrx_word' id='word_1_105' title='bbox 336 1548 397 1581; x_wconf 88' lang='lat' dir='ltr'>ac</span> <span class='ocrx_word' id='word_1_106' title='bbox 421 1533 527 1582; x_wconf 91' lang='lat' dir='ltr'>iarn</span> <span class='ocrx_word' id='word_1_107' title='bbox 561 1532 838 1583; x_wconf 81' lang='lat' dir='ltr'>defunctos</span> <span class='ocrx_word' id='word_1_108' title='bbox 886 1548 995 1582; x_wconf 91' lang='lat' dir='ltr'>sese</span> <span class='ocrx_word' id='word_1_109' title='bbox 1029 1531 1269 1596; x_wconf 89' lang='lat' dir='ltr'>periculis</span> <span class='ocrx_word' id='word_1_110' title='bbox 1305 1532 1698 1589; x_wconf 87' lang='lat' dir='ltr'>arbitrarentur,</span> <span class='ocrx_word' id='word_1_111' title='bbox 1731 1548 1914 1581; x_wconf 78' lang='lat' dir='ltr'>nomen</span> 
     </span>
     <span class='ocr_line' id='line_1_17' title="bbox 336 1613 1913 1679; baseline -0.001 -14"><span class='ocrx_word' id='word_1_112' title='bbox 336 1616 548 1679; x_wconf 76' lang='lat' dir='ltr'>refertur</span> <span class='ocrx_word' id='word_1_113' title='bbox 583 1617 642 1666; x_wconf 75' lang='lat' dir='ltr'>in</span> <span class='ocrx_word' id='word_1_114' title='bbox 678 1616 877 1666; x_wconf 78' lang='lat' dir='ltr'>tabulas</span> <span class='ocrx_word' id='word_1_115' title='bbox 920 1614 1034 1666; x_wconf 78' lang='lat' dir='ltr'>Sex.</span> <span class='ocrx_word' id='word_1_116' title='bbox 1077 1616 1244 1674; x_wconf 77' lang='lat' dir='ltr'>Rosci,</span> <span class='ocrx_word' id='word_1_117' title='bbox 1283 1615 1507 1665; x_wconf 90' lang='lat' dir='ltr'>hominis</span> <span class='ocrx_word' id='word_1_118' title='bbox 1548 1613 1913 1669; x_wconf 85' lang='lat' dir='ltr'>studiosissimi</span> 
     </span>
     <span class='ocr_line' id='line_1_18' title="bbox 334 1699 1912 1764; baseline -0.002 -15"><span class='ocrx_word' id='word_1_119' title='bbox 334 1699 626 1750; x_wconf 85' lang='lat' dir='ltr'>nobilitatis</span> <span class='ocrx_word' id='word_1_120' title='bbox 649 1715 659 1758; x_wconf 86' lang='lat'>;</span> <span class='ocrx_word' id='word_1_121' title='bbox 685 1699 814 1749; x_wconf 75' lang='lat' dir='ltr'>bona</span> <span class='ocrx_word' id='word_1_122' title='bbox 874 1706 1119 1757; x_wconf 77' lang='lat' dir='ltr'>veneunt3</span> <span class='ocrx_word' id='word_1_123' title='bbox 1157 1714 1404 1764; x_wconf 90' lang='lat' dir='ltr'>manceps</span> <span class='ocrx_word' id='word_1_124' title='bbox 1422 1700 1481 1749; x_wconf 92' lang='lat' dir='ltr'>fit</span> <span class='ocrx_word' id='word_1_125' title='bbox 1518 1700 1883 1762; x_wconf 83' lang='lat' dir='ltr'>Chrysogonus</span> <span class='ocrx_word' id='word_1_126' title='bbox 1901 1713 1912 1757; x_wconf 91' lang='lat'>;</span> 
     </span>
     <span class='ocr_line' id='line_1_19' title="bbox 338 1782 1913 1849; baseline 0 -18"><span class='ocrx_word' id='word_1_127' title='bbox 338 1783 440 1833; x_wconf 91' lang='lat' dir='ltr'>tria</span> <span class='ocrx_word' id='word_1_128' title='bbox 466 1783 679 1849; x_wconf 90' lang='lat' dir='ltr'>praedia</span> <span class='ocrx_word' id='word_1_129' title='bbox 703 1784 788 1832; x_wconf 85' lang='lat' dir='ltr'>vel</span> <span class='ocrx_word' id='word_1_130' title='bbox 824 1782 1146 1832; x_wconf 87' lang='lat' dir='ltr'>nobilissima</span> <span class='ocrx_word' id='word_1_131' title='bbox 1182 1782 1423 1847; x_wconf 90' lang='lat' dir='ltr'>Capitoni</span> <span class='ocrx_word' id='word_1_132' title='bbox 1459 1782 1670 1848; x_wconf 90' lang='lat' dir='ltr'>propria</span> <span class='ocrx_word' id='word_1_133' title='bbox 1698 1782 1913 1831; x_wconf 90' lang='lat' dir='ltr'>tradun-</span> 
     </span>
     <span class='ocr_line' id='line_1_20' title="bbox 337 1866 1912 1932; baseline 0 -17"><span class='ocrx_word' id='word_1_134' title='bbox 337 1872 439 1919; x_wconf 87' lang='lat' dir='ltr'>tur.</span> <span class='ocrx_word' id='word_1_135' title='bbox 469 1884 603 1932; x_wconf 89' lang='lat' dir='ltr'>quae</span> <span class='ocrx_word' id='word_1_136' title='bbox 628 1866 782 1916; x_wconf 91' lang='lat' dir='ltr'>hodie</span> <span class='ocrx_word' id='word_1_137' title='bbox 807 1867 1038 1931; x_wconf 90' lang='lat' dir='ltr'>possidet</span> <span class='ocrx_word' id='word_1_138' title='bbox 1062 1883 1072 1925; x_wconf 87' lang='lat'>;</span> <span class='ocrx_word' id='word_1_139' title='bbox 1127 1867 1180 1915; x_wconf 92' lang='lat' dir='ltr'>in</span> <span class='ocrx_word' id='word_1_140' title='bbox 1207 1866 1431 1930; x_wconf 87' lang='lat' dir='ltr'>reliquas</span> <span class='ocrx_word' id='word_1_141' title='bbox 1457 1883 1636 1916; x_wconf 92' lang='lat' dir='ltr'>omnes</span> <span class='ocrx_word' id='word_1_142' title='bbox 1674 1866 1912 1915; x_wconf 78' lang='lat' dir='ltr'>fortunas</span> 
     </span>
     <span class='ocr_line' id='line_1_21' title="bbox 337 1949 1913 2014; baseline -0.001 -16"><span class='ocrx_word' id='word_1_143' title='bbox 337 1950 435 1999; x_wconf 93' lang='lat' dir='ltr'>iste</span> <span class='ocrx_word' id='word_1_144' title='bbox 462 1952 516 2000; x_wconf 92' lang='lat' dir='ltr'>T.</span> <span class='ocrx_word' id='word_1_145' title='bbox 547 1951 767 2000; x_wconf 86' lang='lat' dir='ltr'>Roscius</span> <span class='ocrx_word' id='word_1_146' title='bbox 801 1950 1011 1999; x_wconf 90' lang='lat' dir='ltr'>nomine</span> <span class='ocrx_word' id='word_1_147' title='bbox 1046 1950 1381 2014; x_wconf 82' lang='lat' dir='ltr'>Chrysogoni,</span> <span class='ocrx_word' id='word_1_148' title='bbox 1410 1967 1567 2014; x_wconf 88' lang='lat' dir='ltr'>quem</span> <span class='ocrx_word' id='word_1_149' title='bbox 1594 1950 1661 1998; x_wconf 90' lang='lat' dir='ltr'>ad</span> <span class='ocrx_word' id='word_1_150' title='bbox 1696 1949 1913 1998; x_wconf 88' lang='lat' dir='ltr'>modum</span> 
     </span>
     <span class='ocr_line' id='line_1_22' title="bbox 335 2031 1916 2099; baseline -0.001 -17"><span class='ocrx_word' id='word_1_151' title='bbox 335 2033 445 2099; x_wconf 91' lang='lat' dir='ltr'>ipse</span> <span class='ocrx_word' id='word_1_152' title='bbox 483 2034 625 2092; x_wconf 84' lang='lat' dir='ltr'>dicit,</span> <span class='ocrx_word' id='word_1_153' title='bbox 664 2034 922 2099; x_wconf 89' lang='lat' dir='ltr'>impetum</span> <span class='ocrx_word' id='word_1_154' title='bbox 961 2033 1098 2083; x_wconf 82' lang='lat' dir='ltr'>facit.</span> <span class='ocrx_word' id='word_1_155' title='bbox 1143 2034 1306 2096; x_wconf 85' lang='lat' dir='ltr'>[Haec</span> <span class='ocrx_word' id='word_1_156' title='bbox 1332 2034 1471 2083; x_wconf 92' lang='lat' dir='ltr'>bona</span> <span class='ocrx_word' id='word_1_157' title='bbox 1514 2035 1774 2097; x_wconf 74' lang='lat' dir='ltr'>sexagiens</span> <span class='ocrx_word' id='word_1_158' title='bbox 1818 2031 1916 2081; x_wconf 87' lang='lat' dir='ltr'>HS</span> 
     </span>
    </p>
   </div>
   <div class='ocr_carea' id='block_1_6' title="bbox 310 2116 1910 2181">
    <p class='ocr_par' dir='ltr' id='par_1_6' title="bbox 310 2116 1910 2181">
     <span class='ocr_line' id='line_1_23' title="bbox 310 2116 1910 2181; baseline 0 -15"><span class='ocrx_word' id='word_1_159' title='bbox 310 2124 586 2167; x_wconf 54' lang='lat' dir='ltr'>‘emuntur</span> <span class='ocrx_word' id='word_1_160' title='bbox 625 2119 830 2167; x_wconf 90' lang='lat' dir='ltr'>duobus</span> <span class='ocrx_word' id='word_1_161' title='bbox 868 2117 1079 2167; x_wconf 91' lang='lat' dir='ltr'>milibus</span> <span class='ocrx_word' id='word_1_162' title='bbox 1118 2120 1432 2181; x_wconf 85' lang='lat' dir='ltr'>nummum.]</span> <span class='ocrx_word' id='word_1_163' title='bbox 1526 2118 1670 2166; x_wconf 92' lang='lat' dir='ltr'>Haec</span> <span class='ocrx_word' id='word_1_164' title='bbox 1719 2116 1910 2175; x_wconf 91' lang='lat' dir='ltr'>omnia,</span> 
     </span>
    </p>
   </div>
   <div class='ocr_carea' id='block_1_7' title="bbox 337 2199 1906 2266">
    <p class='ocr_par' dir='ltr' id='par_1_7' title="bbox 337 2199 1906 2266">
     <span class='ocr_line' id='line_1_24' title="bbox 337 2199 1906 2266; baseline 0.001 -17"><span class='ocrx_word' id='word_1_165' title='bbox 337 2201 549 2260; x_wconf 89' lang='lat' dir='ltr'>iudices,</span> <span class='ocrx_word' id='word_1_166' title='bbox 602 2202 934 2266; x_wconf 86' lang='lat' dir='ltr'>imprudente</span> <span class='ocrx_word' id='word_1_167' title='bbox 975 2202 1029 2251; x_wconf 90' lang='lat' dir='ltr'>L.</span> <span class='ocrx_word' id='word_1_168' title='bbox 1085 2201 1226 2250; x_wconf 80' lang='lat' dir='ltr'>Sulla</span> <span class='ocrx_word' id='word_1_169' title='bbox 1267 2201 1408 2250; x_wconf 76' lang='lat' dir='ltr'>facta</span> <span class='ocrx_word' id='word_1_170' title='bbox 1448 2217 1555 2250; x_wconf 84' lang='lat' dir='ltr'>esse</span> <span class='ocrx_word' id='word_1_171' title='bbox 1605 2204 1746 2249; x_wconf 88' lang='lat' dir='ltr'>certo</span> <span class='ocrx_word' id='word_1_172' title='bbox 1786 2199 1906 2250; x_wconf 88' lang='lat' dir='ltr'>scio.</span> 
     </span>
    </p>
   </div>
   <div class='ocr_carea' id='block_1_8' title="bbox 236 2285 1914 2350">
    <p class='ocr_par' dir='ltr' id='par_1_8' title="bbox 236 2285 1914 2350">
     <span class='ocr_line' id='line_1_25' title="bbox 236 2285 1914 2350; baseline -0.002 -15"><span class='ocrx_word' id='word_1_173' title='bbox 236 2285 301 2336; x_wconf 88' lang='grc'>22</span> <span class='ocrx_word' id='word_1_174' title='bbox 336 2286 521 2350; x_wconf 90' lang='lat' dir='ltr'>Neque</span> <span class='ocrx_word' id='word_1_175' title='bbox 551 2285 686 2334; x_wconf 86' lang='lat' dir='ltr'>enim</span> <span class='ocrx_word' id='word_1_176' title='bbox 714 2286 921 2342; x_wconf 89' lang='lat' dir='ltr'>mirum,</span> <span class='ocrx_word' id='word_1_177' title='bbox 952 2300 1071 2333; x_wconf 90' lang='lat' dir='ltr'>cum</span> <span class='ocrx_word' id='word_1_178' title='bbox 1101 2285 1283 2333; x_wconf 80' lang='lat' dir='ltr'>eodem</span> <span class='ocrx_word' id='word_1_179' title='bbox 1321 2290 1555 2349; x_wconf 87' lang='lat' dir='ltr'>tempore</span> <span class='ocrx_word' id='word_1_180' title='bbox 1584 2289 1635 2333; x_wconf 92' lang='lat' dir='ltr'>et</span> <span class='ocrx_word' id='word_1_181' title='bbox 1664 2300 1737 2342; x_wconf 85' lang='lat' dir='ltr'>ea,</span> <span class='ocrx_word' id='word_1_182' title='bbox 1778 2300 1914 2348; x_wconf 88' lang='lat' dir='ltr'>quae</span> 
     </span>
    </p>
   </div>
   <div class='ocr_carea' id='block_1_9' title="bbox 330 2367 1915 2934">
    <p class='ocr_par' dir='ltr' id='par_1_9' title="bbox 330 2367 1915 2934">
     <span class='ocr_line' id='line_1_26' title="bbox 339 2367 1910 2434; baseline -0.001 -16"><span class='ocrx_word' id='word_1_183' title='bbox 339 2369 627 2434; x_wconf 86' lang='lat' dir='ltr'>praeterita</span> <span class='ocrx_word' id='word_1_184' title='bbox 673 2376 814 2427; x_wconf 89' lang='lat' dir='ltr'>sunt,</span> <span class='ocrx_word' id='word_1_185' title='bbox 855 2375 998 2417; x_wconf 76' lang='lat' dir='ltr'>sanet</span> <span class='ocrx_word' id='word_1_186' title='bbox 1043 2373 1095 2417; x_wconf 91' lang='lat' dir='ltr'>et</span> <span class='ocrx_word' id='word_1_187' title='bbox 1122 2385 1197 2427; x_wconf 87' lang='lat' dir='ltr'>ea,</span> <span class='ocrx_word' id='word_1_188' title='bbox 1237 2384 1373 2431; x_wconf 87' lang='lat' dir='ltr'>quae</span> <span class='ocrx_word' id='word_1_189' title='bbox 1399 2367 1651 2418; x_wconf 85' lang='lat' dir='ltr'>videntur</span> <span class='ocrx_word' id='word_1_190' title='bbox 1694 2367 1910 2425; x_wconf 80' lang='lat' dir='ltr'>instare,</span> 
     </span>
     <span class='ocr_line' id='line_1_27' title="bbox 337 2451 1912 2519; baseline -0.002 -17"><span class='ocrx_word' id='word_1_191' title='bbox 337 2459 628 2519; x_wconf 90' lang='lat' dir='ltr'>praeparet,</span> <span class='ocrx_word' id='word_1_192' title='bbox 670 2469 790 2501; x_wconf 88' lang='lat' dir='ltr'>cum</span> <span class='ocrx_word' id='word_1_193' title='bbox 838 2457 890 2501; x_wconf 89' lang='lat' dir='ltr'>et</span> <span class='ocrx_word' id='word_1_194' title='bbox 927 2451 1071 2517; x_wconf 87' lang='lat' dir='ltr'>pacis</span> <span class='ocrx_word' id='word_1_195' title='bbox 1119 2451 1517 2501; x_wconf 87' lang='lat' dir='ltr'>constituendae</span> <span class='ocrx_word' id='word_1_196' title='bbox 1565 2451 1821 2500; x_wconf 91' lang='lat' dir='ltr'>rationem</span> <span class='ocrx_word' id='word_1_197' title='bbox 1859 2454 1912 2500; x_wconf 90' lang='lat' dir='ltr'>et</span> 
     </span>
     <span class='ocr_line' id='line_1_28' title="bbox 330 2536 1915 2601; baseline -0.003 -15"><span class='ocrx_word' id='word_1_198' title='bbox 330 2536 459 2586; x_wconf 88' lang='lat' dir='ltr'>belli</span> <span class='ocrx_word' id='word_1_199' title='bbox 498 2537 709 2600; x_wconf 90' lang='lat' dir='ltr'>gerendi</span> <span class='ocrx_word' id='word_1_200' title='bbox 758 2540 1078 2601; x_wconf 89' lang='lat' dir='ltr'>potestatem</span> <span class='ocrx_word' id='word_1_201' title='bbox 1120 2536 1258 2584; x_wconf 91' lang='lat' dir='ltr'>solus</span> <span class='ocrx_word' id='word_1_202' title='bbox 1309 2537 1518 2594; x_wconf 88' lang='lat' dir='ltr'>habeat,</span> <span class='ocrx_word' id='word_1_203' title='bbox 1563 2551 1683 2584; x_wconf 90' lang='lat' dir='ltr'>cum</span> <span class='ocrx_word' id='word_1_204' title='bbox 1734 2549 1915 2583; x_wconf 92' lang='lat' dir='ltr'>omnes</span> 
     </span>
     <span class='ocr_line' id='line_1_29' title="bbox 338 2619 1913 2684; baseline -0.001 -16"><span class='ocrx_word' id='word_1_205' title='bbox 338 2620 393 2669; x_wconf 91' lang='lat' dir='ltr'>in</span> <span class='ocrx_word' id='word_1_206' title='bbox 433 2635 598 2669; x_wconf 89' lang='lat' dir='ltr'>unum</span> <span class='ocrx_word' id='word_1_207' title='bbox 648 2625 900 2684; x_wconf 86' lang='lat' dir='ltr'>spectent,</span> <span class='ocrx_word' id='word_1_208' title='bbox 945 2635 1081 2668; x_wconf 91' lang='lat' dir='ltr'>unus</span> <span class='ocrx_word' id='word_1_209' title='bbox 1131 2619 1307 2668; x_wconf 90' lang='lat' dir='ltr'>omnia</span> <span class='ocrx_word' id='word_1_210' title='bbox 1347 2621 1616 2682; x_wconf 88' lang='lat' dir='ltr'>gubernet,</span> <span class='ocrx_word' id='word_1_211' title='bbox 1670 2634 1790 2667; x_wconf 91' lang='lat' dir='ltr'>cum</span> <span class='ocrx_word' id='word_1_212' title='bbox 1830 2622 1913 2666; x_wconf 91' lang='lat' dir='ltr'>tot</span> 
     </span>
     <span class='ocr_line' id='line_1_30' title="bbox 339 2701 1912 2768; baseline -0.001 -16"><span class='ocrx_word' id='word_1_213' title='bbox 339 2704 608 2768; x_wconf 88' lang='lat' dir='ltr'>tantisque</span> <span class='ocrx_word' id='word_1_214' title='bbox 656 2703 877 2767; x_wconf 83' lang='lat' dir='ltr'>negotiis</span> <span class='ocrx_word' id='word_1_215' title='bbox 926 2702 1188 2752; x_wconf 92' lang='lat' dir='ltr'>distentus</span> <span class='ocrx_word' id='word_1_216' title='bbox 1228 2702 1310 2760; x_wconf 90' lang='lat' dir='ltr'>sit,</span> <span class='ocrx_word' id='word_1_217' title='bbox 1354 2708 1414 2752; x_wconf 88' lang='lat' dir='ltr'>ut</span> <span class='ocrx_word' id='word_1_218' title='bbox 1466 2703 1714 2768; x_wconf 86' lang='lat' dir='ltr'>respirare</span> <span class='ocrx_word' id='word_1_219' title='bbox 1751 2701 1912 2751; x_wconf 88' lang='lat' dir='ltr'>libere</span> 
     </span>
     <span class='ocr_line' id='line_1_31' title="bbox 339 2786 1912 2853; baseline -0.001 -18"><span class='ocrx_word' id='word_1_220' title='bbox 339 2803 445 2837; x_wconf 91' lang='lat' dir='ltr'>non</span> <span class='ocrx_word' id='word_1_221' title='bbox 478 2788 657 2853; x_wconf 86' lang='lat' dir='ltr'>possit,</span> <span class='ocrx_word' id='word_1_222' title='bbox 705 2788 745 2836; x_wconf 89' lang='lat' dir='ltr'>si</span> <span class='ocrx_word' id='word_1_223' title='bbox 781 2786 979 2851; x_wconf 89' lang='lat' dir='ltr'>aliquid</span> <span class='ocrx_word' id='word_1_224' title='bbox 1012 2802 1117 2835; x_wconf 91' lang='lat' dir='ltr'>non</span> <span class='ocrx_word' id='word_1_225' title='bbox 1161 2786 1566 2845; x_wconf 86' lang='lat' dir='ltr'>animadvertat,</span> <span class='ocrx_word' id='word_1_226' title='bbox 1613 2802 1733 2834; x_wconf 91' lang='lat' dir='ltr'>cum</span> <span class='ocrx_word' id='word_1_227' title='bbox 1765 2801 1912 2850; x_wconf 86' lang='lat' dir='ltr'>prae-</span> 
     </span>
     <span class='ocr_line' id='line_1_32' title="bbox 338 2870 1910 2934; baseline -0.001 -14"><span class='ocrx_word' id='word_1_228' title='bbox 338 2871 518 2920; x_wconf 89' lang='lat' dir='ltr'>sertim</span> <span class='ocrx_word' id='word_1_229' title='bbox 580 2876 692 2920; x_wconf 90' lang='lat' dir='ltr'>tam</span> <span class='ocrx_word' id='word_1_230' title='bbox 762 2870 916 2919; x_wconf 91' lang='lat' dir='ltr'>multi</span> <span class='ocrx_word' id='word_1_231' title='bbox 986 2870 1383 2934; x_wconf 88' lang='lat' dir='ltr'>occupationem</span> <span class='ocrx_word' id='word_1_232' title='bbox 1446 2870 1555 2919; x_wconf 91' lang='lat' dir='ltr'>eius</span> <span class='ocrx_word' id='word_1_233' title='bbox 1631 2870 1910 2918; x_wconf 87' lang='lat' dir='ltr'>observent</span> 
     </span>
    </p>
   </div>
   <div class='ocr_carea' id='block_1_10' title="bbox 338 2953 1911 3020">
    <p class='ocr_par' dir='ltr' id='par_1_10' title="bbox 271 2953 1911 3032">
     <span class='ocr_line' id='line_1_33' title="bbox 338 2953 1911 3020; baseline -0.002 -15.163"><span class='ocrx_word' id='word_1_234' title='bbox 338 2960 652 3020; x_wconf 89' lang='lat' dir='ltr'>tempusque</span> <span class='ocrx_word' id='word_1_235' title='bbox 687 2959 1028 3019; x_wconf 88' lang='lat' dir='ltr'>aucupentur,</span> <span class='ocrx_word' id='word_1_236' title='bbox 1076 2958 1149 3013; x_wconf 89' lang='lat' dir='ltr'>ut,</span> <span class='ocrx_word' id='word_1_237' title='bbox 1188 2953 1343 3003; x_wconf 91' lang='lat' dir='ltr'>simul</span> <span class='ocrx_word' id='word_1_238' title='bbox 1376 2959 1538 3018; x_wconf 86' lang='lat' dir='ltr'>atque</span> <span class='ocrx_word' id='word_1_239' title='bbox 1578 2953 1661 3003; x_wconf 94' lang='lat' dir='ltr'>ille</span> <span class='ocrx_word' id='word_1_240' title='bbox 1694 2955 1911 3017; x_wconf 83' lang='lat' dir='ltr'>despex-</span> 
     </span>
    </p>
   </div>
  </div>
 </body>
</html>
