2216 3288
618 344 763 395 CAP.
816 345 1273 397 XXV—XXVII.
1347 349 1604 411 §70—74
1830 350 1894 396 27

337 466 399 510 ut
434 478 723 527 numquam
768 463 1063 521 adluantur,
1102 465 1178 513 ita
1220 470 1484 529 postremo
1527 463 1797 522 eiciuntur,
1835 468 1895 513 ut

336 561 403 594 ne
453 547 520 594 ad
571 562 699 595 saxa
759 546 970 609 quidem
1021 548 1215 597 mortui
1274 547 1655 612 conquiescant.
1739 547 1895 595 Tanti

334 628 574 677 maleficii
595 628 802 686 crimen,
835 629 919 678 cui
948 630 1201 679 maleficio
1223 635 1335 679 tam
1367 630 1564 694 insigne
1586 630 1895 695 supplicium

334 715 412 759 est
458 711 821 770 constitutum,
857 713 1077 776 probare
1100 718 1167 771 te,
1203 714 1373 770 Eruci,
1400 729 1575 762 censes
1605 729 1755 777 posse
1778 712 1893 761 tali-

332 787 597 852 bus'viris,
641 794 682 843 si
711 811 775 843 ne
804 811 1016 844 causam
1055 795 1266 859 quidem
1295 795 1534 845 maleficii
1572 795 1846 860 protuleris
1870 796 1887 843 ?

333 875 387 926 Si
417 877 553 925 hunc
587 878 727 941 apud
767 878 1023 926 bonorum
1063 883 1321 942 emptores
1352 879 1490 943 ipsos
1528 894 1795 928 accusares
1826 878 1892 927 ei—

331 975 434 1023 que
459 959 648 1009 iudicio
684 960 1046 1024 Chrysogonus
1079 966 1353 1026 praeesset,
1382 966 1562 1010 tamen
1599 961 1895 1025 diligentius

330 1043 668 1106 paratiusque
698 1042 939 1092 venisses.
979 1043 1187 1102 Utrum,
1221 1044 1347 1108 quid
1370 1049 1569 1108 agatur,
1594 1060 1698 1092 non
1728 1044 1889 1101 vides,
1927 1045 1995 1095 73

329 1141 397 1173 an
438 1126 579 1189 apud
629 1142 760 1189 quos
800 1127 1027 1189 agatur?
1077 1127 1266 1190 Agitur
1305 1127 1369 1175 de
1418 1126 1707 1190 parricidio,
1751 1127 1893 1190 quod

329 1207 438 1256 sine
468 1207 647 1257 multis
677 1208 845 1258 causis
875 1209 1066 1274 suscipi
1095 1226 1201 1258 non
1240 1213 1445 1274 potest;
1478 1209 1621 1274 apud
1658 1209 1893 1258 homines

326 1295 506 1339 autem
533 1291 962 1355 prudentissimos
979 1292 1164 1356 agitur,
1195 1292 1286 1356 qui
1301 1293 1610 1356 intellegunt
1636 1293 1894 1341 neminem

326 1389 392 1422 ne
407 1373 683 1423 minimum
709 1374 921 1439 quidem
948 1375 1260 1424 maleficium
1278 1375 1386 1424 sine
1415 1392 1573 1424 causa
1597 1375 1886 1424 admittere.

395 1457 624 1506 XXVII.
665 1458 808 1516 Esto,
840 1474 1052 1507 causam
1070 1458 1297 1523 proferre
1316 1475 1420 1507 non
1439 1463 1603 1523 potes,
1659 1459 1889 1507 Tametsi

325 1539 508 1588 statim
535 1539 718 1588 vicisse
756 1540 933 1599 debeo,
965 1546 1142 1590 tamen
1180 1542 1243 1590 de
1270 1558 1386 1590 meo
1414 1541 1521 1590 iure
1560 1541 1809 1590 decedam
1837 1547 1888 1590 et

326 1622 439 1680 tibi,
470 1624 612 1686 quod
638 1624 691 1671 in
729 1623 830 1673 alia
857 1640 1014 1672 causa
1050 1641 1153 1673 non
1181 1625 1528 1681 concederem,
1568 1624 1619 1672 in
1647 1625 1744 1673 hac
1772 1640 1882 1672 con-

324 1706 506 1754 cedam
539 1707 702 1754 fretus
743 1707 895 1755 huius
924 1707 1234 1757 innocentia.
1316 1708 1435 1757 Non
1467 1723 1659 1771 quaero
1689 1708 1782 1756 abs
1820 1712 1887 1764 te,

323 1803 483 1851 quare
510 1794 714 1852 patrem
732 1789 846 1839 Sex.
870 1789 1087 1838 Roscius
1104 1790 1362 1848 occiderit,
1383 1807 1591 1854 quaero,
1612 1806 1716 1853 quo
1732 1790 1888 1838 modo

324 1871 582 1921 occiderit.
659 1874 743 1920 Ita
787 1889 981 1936 quaero
1016 1873 1110 1922 abs
1145 1878 1211 1930 te,
1261 1874 1313 1922 C.
1352 1873 1522 1931 Eruci,
1572 1889 1676 1936 quo
1711 1875 1883 1931 modo,

324 1958 376 2002 et
406 1953 478 2002 sic
507 1959 681 2025 tecum
721 1971 888 2018 agam,
930 1961 990 2004 ut
1021 1972 1137 2004 meo
1166 1956 1279 2004 loco
1306 1957 1390 2004 vel
1430 1956 1775 2019 respondendi
1804 1957 1887 2005 vel

326 2036 690 2101 intetpellandi
742 2037 839 2086 tibi
893 2043 1211 2102 potestatem
1258 2038 1446 2087 faciam
1499 2039 1582 2087 vel
1626 2038 1800 2096 etiam,
1847 2039 1889 2087 si

322 2118 452 2183 quid
490 2121 644 2177 voles,
699 2119 1064 2184 interrogandi.
1149 2122 1263 2186 Quo
1302 2121 1459 2170 modo
1499 2121 1730 2170 occidit?
1779 2122 1887 2186 ipse
1922 2123 1991 2172 74

259 2243 262 2248 .
321 2202 574 2267 percussit
640 2220 707 2251 an
762 2204 875 2252 aliis
942 2204 1281 2253 occidendum
1338 2204 1524 2254 dedit?
1609 2198 1669 2253 Si*
1716 2205 1886 2268 ipsum

324 2285 510 2348 arguis
553 2287 753 2335 Romae
800 2303 906 2336 non
944 2287 1078 2345 fuit3
1145 2287 1187 2335 si
1224 2304 1314 2351 per
1352 2287 1479 2336 alios
1525 2286 1702 2336 fecisse
1740 2287 1881 2345 dicis,

322 2384 531 2431 quaero,
593 2385 833 2418 servosne
892 2386 957 2418 an
1029 2369 1259 2419 liberos?
1348 2370 1411 2419 52·
1483 2370 1679 2428 liberm,
1752 2386 1885 2434 quos

323 2451 599 2500 homines?
650 2451 947 2501 indidemne
1007 2453 1216 2502 Ameria
1285 2469 1351 2501 an
1411 2454 1564 2502 hosce
1626 2469 1687 2501 ex
1757 2453 1883 2502 urbe

320 2533 528 2582 sicarios
551 2536 568 2582 ?
628 2535 680 2583 si
704 2534 928 2592 Ameria,
966 2535 1056 2599 qui
1082 2540 1203 2583 sunt
1230 2535 1264 2583 ii
1287 2536 1305 2584 Ρ
1363 2552 1453 2584 cur
1478 2551 1582 2584 non
1616 2536 1885 2584 nominan-

320 2620 407 2664 tur
431 2617 448 2665 ?
491 2617 533 2665 si
564 2618 747 2674 Roma,
772 2618 908 2666 unde
927 2634 1013 2666 eos
1044 2623 1263 2667 noverat
1284 2618 1516 2676 Roscius,
1549 2619 1638 2682 qui
1658 2619 1883 2667 Romam

320 2700 499 2764 multis
535 2699 684 2748 annis
728 2716 832 2748 non
867 2699 1012 2749 venit
1056 2717 1223 2764 neque
1259 2717 1511 2764 umquam
1547 2702 1663 2766 plus
1709 2702 1884 2750 triduo

319 2781 419 2831 fuit
445 2783 462 2831 ?
489 2783 578 2831 ubi
596 2798 682 2831 eos
699 2782 942 2831 convenit
969 2784 986 2831 ?
1026 2783 1116 2847 qui
1134 2784 1419 2832 collocutus
1436 2789 1514 2832 est
1539 2784 1556 2832 ?
1603 2800 1707 2847 quo
1724 2784 1882 2832 modo

318 2865 618 2928 persuasit?
691 2865 922 2914 Pretium
962 2865 1141 2923 dedit,
1211 2866 1294 2915 cui
1334 2866 1517 2915 dedit?
1591 2873 1874 2930 per'quem

316 2947 461 2996 dedit
487 2949 504 2995 ?
568 2949 703 2996 unde
732 2954 825 2997 aut
855 2954 1112 3012 quantum
1143 2947 1286 2997 dedit
1312 2949 1330 2997 Ρ
1389 2950 1575 2998 Nonne
1616 2949 1693 2997 his
1722 2950 1876 2998 vesti-
