2216 3288
775 316 919 367 cAP.
977 317 1193 367 ΙΙΙ-Ν.
1268 319 1494 381 §8-13
1884 316 1916 364 5

350 435 473 484 huic
490 436 657 486 eidem
674 436 968 500 quaestioni
983 436 1141 485 iudex
1157 451 1431 500 praeesseS,
1452 435 1612 484 talem
1629 438 1682 483 te
1700 438 1753 482 et
1770 434 1920 483 nobis

347 523 405 567 et
435 519 507 568 rei
538 519 775 583 publicae
805 519 903 568 hoc
943 523 1178 583 tempore
1216 518 1498 582 impertias,
1580 518 1638 566 V.
1704 516 1919 580 Quanta

349 602 637 650 multitudo
693 602 966 650 hominum
1026 601 1326 651 convenerit
1376 601 1445 650 ad
1492 602 1590 650 hoc
1649 599 1915 657 iudicium,

345 683 496 733 vides
518 699 529 743 ;
571 701 706 748 quae
736 684 804 733 sit
825 684 1059 733 omnium
1091 684 1393 734 mortalium
1415 683 1751 748 exspectatio,
1784 698 1920 747 quae

349 767 626 831 cupiditaS,
661 772 721 816 ut
762 767 900 816 acria
930 784 990 816 ac
1021 783 1201 816 severa
1238 766 1430 816 iudicia
1460 767 1605 824 fiant,
1649 765 1916 829 intellegis,

353 850 532 914 Longo
560 850 835 899 intervallo
872 850 1120 899 iudicium
1149 850 1284 898 inter
1321 849 1528 898 sicarios
1556 850 1654 898 hoc
1691 848 1920 912 primum

354 933 718 991 committitur,
746 950 865 982 cum
898 933 1096 982 interea
1119 934 1302 982 caedes
1334 931 1721 995 indignissimae
1754 931 1919 980 maxi-

345 1031 568 1080 maeque
608 1016 779 1065 factae
827 1020 984 1073 sunt;
1054 1032 1232 1064 omnes
1285 1017 1420 1064 hanc
1468 1014 1828 1079 quaestionem
1867 1019 1923 1064 te

348 1103 588 1163 praetore
623 1099 914 1148 manifestis
958 1099 1223 1148 maleficiis
1268 1098 1636 1162 cotidianoque
1681 1097 1922 1161 sanguini

350 1183 628 1232 remedium
662 1198 765 1232 esse
792 1187 1003 1246 sperant
1032 1182 1280 1231 futuram.

418 1266 534 1329 Qua
585 1265 957 1315 vociferatione
1001 1266 1055 1314 in
1108 1265 1293 1314 ceteris
1338 1264 1539 1314 iudiciis
1592 1268 1922 1314 accusatores
1955 1266 2022 1316 12

304 1375 307 1378 -
350 1350 430 1398 uti
468 1354 865 1407 consueverunt,
916 1364 978 1396 ea
1015 1364 1109 1397 nos
1155 1349 1255 1397 hoc
1292 1352 1527 1412 tempore
1575 1347 1787 1404 utimur,
1829 1346 1921 1411 qui

350 1447 563 1480 causam
585 1431 818 1481 dicimus.
901 1431 1136 1482 Petimus
1159 1432 1258 1482 abs
1280 1436 1347 1490 te,
1383 1432 1451 1480 M.
1477 1432 1660 1488 Fanni,
1695 1447 1726 1479 a
1747 1430 1919 1479 Vobis-

350 1531 465 1579 que,
502 1515 711 1573 iudiceS,
757 1519 818 1564 ut
851 1531 1012 1579 quam
1052 1515 1299 1564 acerrime
1330 1514 1586 1564 maleficia
1625 1514 1917 1572 vindicetis,

351 1602 412 1646 ut
435 1613 595 1662 quam
629 1598 907 1663 tortissime
937 1598 1235 1648 hominibus
1269 1598 1626 1647 audacissimis
1647 1596 1916 1655 resistatis,

349 1685 410 1729 ut
436 1682 535 1730 hoc
561 1681 812 1746 cogitetis,
842 1681 940 1730 nisi
974 1681 1028 1729 in
1055 1683 1153 1731 hac
1188 1697 1358 1739 causa,
1390 1681 1480 1745 qui
1515 1686 1688 1730 vester
1716 1679 1921 1729 animus

346 1764 430 1823 sit,
473 1764 772 1823 ostendetis,
805 1781 865 1814 eo
902 1781 1237 1829 prorumpere
1265 1765 1537 1813 hominum
1573 1763 1919 1828 cupiditatem
1951 1776 1954 1780 ·

348 1851 402 1896 et
420 1848 584 1897 scelus
601 1853 654 1898 et
673 1847 962 1906 audaciam,
992 1853 1052 1896 ut
1070 1864 1176 1896 non
1193 1849 1351 1896 modo
1377 1848 1526 1905 clam,
1546 1864 1730 1897 verum
1758 1846 1919 1896 etiam

347 1930 430 1979 hic
457 1931 510 1978 in
536 1931 648 1979 foro
674 1936 796 1980 ante
832 1931 1064 1979 tribunal
1089 1937 1256 1989 tuum,
1296 1931 1362 1980 M.
1393 1931 1575 1989 Fanni,
1614 1935 1737 1979 ante
1762 1930 1921 1994 pedes

346 2020 564 2072 vestros,
616 2014 823 2071 iudices,
867 2014 1002 2063 inter
1047 2014 1161 2079 ipsa
1200 2014 1442 2063 subsellia
1489 2014 1672 2063 caedes
1712 2013 1922 2063 futurae

349 2097 467 2147 sint.
542 2098 753 2146 Etenim
783 2098 910 2162 quid
947 2097 1090 2146 aliud
1116 2099 1214 2146 hoc
1251 2097 1442 2146 iudicio
1471 2101 1779 2161 temptatur,
1820 2096 1919 2145 nisi
1954 2099 2020 2150 13

349 2184 410 2229 ut
434 2180 490 2229 id
513 2181 621 2229 fieri
645 2180 799 2230 liceat
823 2181 841 2229 Ρ
924 2181 1189 2229 Accusant
1214 2180 1263 2238 ii,
1301 2180 1391 2244 qui
1416 2180 1470 2229 in
1495 2180 1733 2229 fortunas
1767 2180 1921 2229 huius

347 2263 667 2321 invaserunt,
709 2280 920 2313 causam
951 2263 1077 2312 dicit
1108 2264 1164 2322 is,
1206 2263 1290 2312 cui
1318 2267 1524 2327 praeter
1562 2263 1920 2315 calamitatem

348 2346 478 2395 nihil
507 2346 859 2411 reliquerunt;
922 2351 1171 2395 accusant
1207 2347 1256 2405 ii,
1291 2346 1481 2411 quibus
1521 2345 1685 2396 occidi
1714 2351 1921 2410 patrem

352 2429 466 2478 Sex.
501 2430 656 2479 Rosci
685 2431 823 2479 bono
862 2430 976 2488 fuit,
1010 2446 1222 2478 causam
1261 2430 1388 2478 dicit
1415 2430 1474 2487 is,
1507 2430 1590 2478 cui
1619 2446 1724 2478 non
1761 2430 1920 2479 modo

349 2512 551 2562 luctum
579 2529 719 2562 mors
755 2513 920 2578 patris
948 2513 1144 2570 attulit,
1186 2529 1368 2562 verum
1398 2512 1557 2562 etiam
1597 2517 1882 2576 egestatem
1905 2529 1916 2571 ;

350 2602 598 2645 accusant
632 2596 681 2654 ii,
720 2596 810 2660 qui
852 2597 990 2645 hunc
1024 2595 1195 2660 ipsum
1238 2596 1469 2660 iugulare
1503 2612 1704 2644 summe
1748 2596 1918 2660 cupie-

349 2684 489 2737 runt,
510 2695 723 2728 causam
741 2679 867 2728 dicit
884 2679 941 2738 is,
971 2679 1062 2744 qui
1080 2680 1240 2728 etiam
1259 2680 1453 2728 adhoc
1469 2679 1642 2743 ipsum
1668 2679 1918 2728 iudicium

350 2778 470 2811 cum
490 2762 747 2827 praesidio
778 2762 937 2820 venit,
962 2779 1027 2811 ne
1045 2762 1129 2811 hic
1156 2762 1351 2812 ibidem
1372 2766 1495 2811 ante
1514 2762 1691 2811 oculos
1718 2768 1922 2812 vestros

352 2845 675 2904 trucidetur;
719 2842 1222 2910 denique‘accusant
1252 2845 1301 2903 ii,
1328 2861 1460 2909 quos
1489 2845 1714 2909 populus
1736 2845 1920 2909 poscit,

345 2943 560 2998 causam
592 2929 719 2978 dicit
748 2929 806 2987 is,
841 2928 932 2992 qui
962 2945 1096 2977 unus
1126 2929 1336 2978 relictus
1375 2945 1440 2978 ex
1485 2929 1691 2977 illorum
1730 2929 1930 2979 nefaria
