2216 3288
337 324 372 371 2
797 321 942 372 PRO
989 321 1144 374 SEX.
1197 322 1451 375 ROSCIO

340 440 537 505 poterit
556 453 587 514 ξ,
622 440 811 490 deinde
831 441 973 505 quod
1003 445 1295 491 ceterorum
1314 458 1484 507 neque
1513 443 1716 492 dictum
1735 444 1918 493 obscu-

340 540 459 573 rum
482 529 658 589 potest
682 540 792 574 esse
823 530 1039 589 propter
1071 524 1406 575 nobilitatem
1438 531 1491 575 et
1515 526 1920 592 amplitudinem

338 623 511 673 neque
559 612 755 657 temere
789 607 949 657 dicto
1006 609 1226 658 concedi
1290 615 1505 675 propter
1568 615 1800 660 aetatem
1865 614 1919 659 et

339 690 677 756 prudentiam
701 708 710 750 ;
757 707 851 755 ego
875 691 918 740 si
941 692 1069 756 quid
1090 691 1302 742 liberius
1325 692 1519 752 dixer0‚
1544 694 1630 744 vel
1651 694 1919 744 occultum

338 790 463 833 esse,
522 779 800 839 propterea
863 776 1007 839 quod
1062 776 1295 825 nondum
1354 775 1422 829 ad
1478 793 1588 826 rem
1653 776 1919 842 publicam

341 858 547 916 accessi,
593 859 677 907 vel
728 858 924 922 ignosci
976 859 1360 909 adulescentiae
1402 860 1631 925 poterit;
1704 860 1920 910 tametsi

341 957 447 989 non
471 942 630 990 modo
663 941 964 1006 ignoscendi
989 943 1139 1001 ratio,
1175 959 1360 992 verum
1385 943 1544 993 etiam
1578 943 1923 1008 cognoscendi

270 1027 306 1075 4
342 1026 667 1075 consuetudo
689 1025 796 1074 iam
820 1027 885 1075 de
908 1026 1126 1075 civitate
1149 1027 1359 1076 sublata
1382 1033 1474 1077 est.
1589 1027 1807 1078 Accedit
1830 1027 1921 1077 illa

341 1125 552 1173 quoque
576 1125 748 1167 causa,
776 1110 921 1174 quod
953 1127 984 1158 a
1008 1110 1191 1159 ceteris
1215 1111 1436 1160 forsitan
1458 1111 1535 1160 ita
1567 1112 1795 1176 petitum
1833 1111 1918 1169 sit,
1986 1161 1990 1164 ,

340 1196 403 1240 ut
431 1191 677 1251 dicerent,
708 1198 769 1241 ut
807 1194 1070 1242 utrumvis
1098 1194 1244 1242 salvo
1271 1194 1441 1244 officio
1482 1195 1650 1244 facere
1686 1211 1740 1244 se
1767 1210 1918 1260 posse

341 1274 724 1325 arbitrarentur
747 1293 757 1335 ;
810 1293 841 1325 a
860 1293 945 1325 me
966 1282 1146 1326 autem
1175 1277 1211 1327 ii
1232 1279 1631 1337 contenderunt,
1665 1279 1756 1344 qui
1778 1278 1921 1344 apud

340 1374 425 1407 me
463 1363 515 1407 et
556 1359 788 1409 amicitia
836 1365 889 1409 et
936 1360 1200 1411 beneficiis
1239 1366 1291 1410 et
1339 1361 1598 1426 dignitate
1635 1362 1919 1427 plurimum

341 1447 578 1506 possunt,
637 1459 861 1507 quorum
908 1460 1001 1508 ego
1056 1460 1151 1493 nec
1194 1445 1619 1494 benevolentiam
1673 1462 1793 1511 erga
1835 1461 1922 1495 me

281 1527 284 1530 ’
340 1525 576 1589 ignorare
607 1543 702 1575 nec
743 1527 1115 1577 auctoritatem
1157 1529 1422 1592 aspernari
1453 1545 1547 1578 nec
1587 1529 1921 1579 voluntatem

269 1609 303 1658 5
339 1609 606 1675 neglegere
655 1611 928 1660 debebam.
1015 1613 1081 1662 ΙΙ.
1167 1611 1267 1660 His
1325 1613 1389 1661 de
1438 1613 1608 1662 causis
1656 1629 1750 1678 ego
1799 1612 1920 1662 huic

340 1707 528 1742 causae
549 1698 804 1758 patronus
836 1694 1014 1744 exstiti
1037 1711 1141 1744 non
1173 1695 1368 1745 electus
1389 1712 1540 1754 unus,
1575 1697 1666 1761 qui
1687 1696 1921 1745 maximo

339 1775 561 1841 ingenio,
587 1778 679 1826 sed
701 1777 912 1827 relictus
946 1795 1010 1828 ex
1034 1778 1292 1838 omnibus,
1329 1780 1418 1843 qui
1442 1779 1660 1828 minimo
1692 1780 1922 1845 periculo

338 1852 544 1924 possem
567 1860 749 1919 dicere,
784 1877 955 1926 neque
976 1867 1035 1911 ut
1067 1862 1195 1911 satis
1217 1863 1367 1912 firmo
1398 1863 1656 1928 praesidio
1678 1864 1922 1913 defensus

339 1944 455 1993 Sex.
507 1944 740 2003 Roscius,
772 1961 957 1994 Verum
977 1946 1057 1994 uti
1078 1962 1143 1995 ne
1173 1946 1387 2003 omnino
1407 1947 1644 1996 desertus
1675 1952 1824 1996 esset.
1894 2013 1900 2019 ἱ

474 2027 717 2080 Forsitan
767 2029 1047 2092 quaeratis,
1091 2030 1181 2093 qui
1230 2030 1329 2079 iste
1369 2035 1534 2079 terror
1583 2030 1651 2079 sit
1692 2035 1744 2080 et
1785 2046 1921 2095 quae

338 2114 494 2159 tanta
522 2110 760 2169 formido,
793 2128 929 2176 quae
967 2118 1048 2161 tot
1079 2130 1139 2162 ac
1177 2114 1309 2162 tales
1336 2113 1477 2162 viros
1513 2114 1783 2179 impediat,
1815 2130 1922 2179 quo

338 2193 512 2242 minus
531 2210 625 2258 pro
646 2195 818 2259 capite
849 2201 900 2245 et
922 2196 1146 2245 fortunis
1177 2197 1404 2254 alterius,
1429 2214 1586 2261 quem
1617 2198 1685 2247 ad
1702 2198 1922 2246 modum

338 2283 739 2336 consueverunt,
768 2295 982 2327 causam
1007 2280 1171 2329 velint
1197 2280 1378 2329 dicere.
1443 2280 1596 2344 Quod
1631 2281 1802 2331 adhuc
1826 2297 1922 2331 vos

339 2360 574 2424 ignorare
605 2377 711 2410 non
743 2362 935 2411 mirum
967 2369 1060 2421 est,
1096 2368 1374 2428 propterea
1405 2365 1548 2428 quod
1579 2365 1819 2414 consulto
1851 2364 1919 2413 ab

340 2444 733 2494 accusatoribus
776 2445 885 2495 eius
919 2447 1005 2504 rei,
1053 2463 1188 2510 quae
1222 2447 1473 2496 conflavit
1516 2449 1614 2497 hoc
1648 2447 1914 2507 iudicium,

269 2529 304 2578 6
341 2527 540 2577 mentio
573 2528 710 2578 facta
744 2545 851 2578 non
882 2534 974 2579 est.
1025 2530 1171 2594 Quae
1202 2546 1282 2579 res
1313 2547 1374 2579 ea
1404 2535 1482 2580 est
1507 2530 1525 2578 Ρ
1575 2532 1726 2590 Bona
1755 2531 1922 2596 patris

342 2610 556 2660 huiusce
579 2612 694 2661 Sex.
732 2613 903 2671 Rosci,
929 2629 1065 2677 quae
1087 2617 1212 2662 sunt
1244 2614 1528 2678 sexagiens
1557 2630 1698 2687 91136
1720 2615 1785 2664 de
1806 2614 1920 2663 viro

342 2694 625 2743 clarissimo
650 2700 702 2744 et
737 2695 1034 2756 fortissimo,
1063 2698 1118 2746 L.
1156 2697 1313 2756 Sulla,
1350 2713 1508 2762 quem
1531 2698 1740 2747 honoris
1763 2713 1922 2747 causa

340 2777 568 2836 nomino,
618 2779 825 2828 duobus
859 2779 1069 2829 milibus
1110 2796 1389 2829 nummum
1433 2797 1542 2830 sese
1576 2781 1703 2830 dicit
1737 2781 1922 2831 emisse

340 2861 644 2910 adulescens
686 2863 771 2912 vel
825 2864 1222 2926 potentissimus
1275 2865 1374 2913 hoc
1429 2868 1665 2929 tempore
1694 2864 1920 2914 'nostrae

338 2942 587 3003 civitatiS,
652 2946 707 2995 L.
765 2946 1029 2996 Cornelius
1090 2947 1482 3012 Chrysogonus¹
1564 2949 1617 2996 Is
1669 2964 1700 2997 3
1750 2947 1917 3006 vobi5‚
