<?xml version="1.0" encoding="UTF-8"?>
<!DOCTYPE html PUBLIC "-//W3C//DTD XHTML 1.0 Transitional//EN"
    "http://www.w3.org/TR/xhtml1/DTD/xhtml1-transitional.dtd">
<html xmlns="http://www.w3.org/1999/xhtml" xml:lang="en" lang="en">
 <head>
  <title>
</title>
<meta http-equiv="Content-Type" content="text/html;charset=utf-8" />
  <meta name='ocr-system' content='tesseract 3.04.00' />
  <meta name='ocr-capabilities' content='ocr_page ocr_carea ocr_par ocr_line ocrx_word'/>
</head>
<body>
  <div class='ocr_page' id='page_1' title='image "./proroscioamerino00ciceuoft/proroscioamerino00ciceuoft_0030.png"; bbox 0 0 2216 3288; ppageno 0'>
   <div class='ocr_carea' id='block_1_1' title="bbox 348 386 1463 437">
    <p class='ocr_par' dir='ltr' id='par_1_1' title="bbox 348 386 1463 437">
     <span class='ocr_line' id='line_1_1' title="bbox 348 386 1463 437; baseline -0.001 0"><span class='ocrx_word' id='word_1_1' title='bbox 348 391 409 437; x_wconf 86' lang='lat'>10</span> <span class='ocrx_word' id='word_1_2' title='bbox 806 387 948 435; x_wconf 90' lang='lat' dir='ltr'>PRO</span> <span class='ocrx_word' id='word_1_3' title='bbox 998 386 1152 437; x_wconf 89' lang='lat' dir='ltr'>SEX.</span> <span class='ocrx_word' id='word_1_4' title='bbox 1207 386 1463 436; x_wconf 87' lang='lat' dir='ltr'>ROSCIO</span> 
     </span>
    </p>
   </div>
   <div class='ocr_carea' id='block_1_2' title="bbox 2106 0 2216 507">
    <p class='ocr_par' dir='ltr' id='par_1_2' title="bbox 2106 0 2216 507">
     <span class='ocr_line' id='line_1_2' title="bbox 2106 0 2216 507; baseline 0 2781"><span class='ocrx_word' id='word_1_5' title='bbox 2106 0 2216 507; x_wconf 95' lang='lat' dir='ltr'> </span> 
     </span>
    </p>
   </div>
   <div class='ocr_carea' id='block_1_3' title="bbox 246 507 2216 3082">
    <p class='ocr_par' dir='ltr' id='par_1_3' title="bbox 344 507 2216 990">
     <span class='ocr_line' id='line_1_3' title="bbox 344 507 1928 572; baseline -0.002 -14"><span class='ocrx_word' id='word_1_6' title='bbox 344 508 655 572; x_wconf 71' lang='lat' dir='ltr'><strong>cognoscite.</strong></span> <span class='ocrx_word' id='word_1_7' title='bbox 779 521 1078 556; x_wconf 84' lang='lat' dir='ltr'>DECRETUM</span> <span class='ocrx_word' id='word_1_8' title='bbox 1132 519 1519 558; x_wconf 84' lang='lat' dir='ltr'><strong>DECURIONUM.</strong></span> <span class='ocrx_word' id='word_1_9' title='bbox 1634 507 1818 571; x_wconf 83' lang='lat' dir='ltr'><strong>Legati</strong></span> <span class='ocrx_word' id='word_1_10' title='bbox 1869 507 1928 555; x_wconf 81' lang='lat' dir='ltr'>in</span> 
     </span>
     <span class='ocr_line' id='line_1_4' title="bbox 345 589 1926 656; baseline 0 -16"><span class='ocrx_word' id='word_1_11' title='bbox 345 597 521 643; x_wconf 86' lang='lat' dir='ltr'>castra</span> <span class='ocrx_word' id='word_1_12' title='bbox 560 591 799 641; x_wconf 87' lang='lat' dir='ltr'>veniunt.</span> <span class='ocrx_word' id='word_1_13' title='bbox 892 590 1235 656; x_wconf 85' lang='lat' dir='ltr'>Intellegitur‚</span> <span class='ocrx_word' id='word_1_14' title='bbox 1278 590 1489 650; x_wconf 76' lang='lat' dir='ltr'>iudiceS,</span> <span class='ocrx_word' id='word_1_15' title='bbox 1533 590 1588 639; x_wconf 92' lang='lat' dir='ltr'>id</span> <span class='ocrx_word' id='word_1_16' title='bbox 1637 591 1780 654; x_wconf 90' lang='lat' dir='ltr'>quod</span> <span class='ocrx_word' id='word_1_17' title='bbox 1819 589 1926 640; x_wconf 85' lang='lat' dir='ltr'>iam</span> 
     </span>
     <span class='ocr_line' id='line_1_5' title="bbox 345 673 1927 741; baseline -0.001 -16"><span class='ocrx_word' id='word_1_18' title='bbox 345 680 468 726; x_wconf 87' lang='lat' dir='ltr'>ante</span> <span class='ocrx_word' id='word_1_19' title='bbox 493 675 616 734; x_wconf 83' lang='lat' dir='ltr'>dixi,</span> <span class='ocrx_word' id='word_1_20' title='bbox 651 675 984 739; x_wconf 78' lang='lat' dir='ltr'>imprudente</span> <span class='ocrx_word' id='word_1_21' title='bbox 1009 675 1064 724; x_wconf 91' lang='lat' dir='ltr'>L.</span> <span class='ocrx_word' id='word_1_22' title='bbox 1093 674 1235 724; x_wconf 90' lang='lat' dir='ltr'>Sulla</span> <span class='ocrx_word' id='word_1_23' title='bbox 1266 675 1461 724; x_wconf 87' lang='lat' dir='ltr'>scelera</span> <span class='ocrx_word' id='word_1_24' title='bbox 1482 677 1611 724; x_wconf 92' lang='lat' dir='ltr'>haec</span> <span class='ocrx_word' id='word_1_25' title='bbox 1644 678 1697 723; x_wconf 92' lang='lat' dir='ltr'>et</span> <span class='ocrx_word' id='word_1_26' title='bbox 1721 673 1927 741; x_wconf 87' lang='lat' dir='ltr'>flagitia</span> 
     </span>
     <span class='ocr_line' id='line_1_6' title="bbox 345 755 2216 823; baseline -0.001 -15"><span class='ocrx_word' id='word_1_27' title='bbox 345 759 469 808; x_wconf 93' lang='lat' dir='ltr'>fieri.</span> <span class='ocrx_word' id='word_1_28' title='bbox 542 759 680 808; x_wconf 92' lang='lat' dir='ltr'>Nam</span> <span class='ocrx_word' id='word_1_29' title='bbox 709 758 894 807; x_wconf 90' lang='lat' dir='ltr'>statim</span> <span class='ocrx_word' id='word_1_30' title='bbox 916 759 1283 823; x_wconf 84' lang='lat' dir='ltr'>Chrysogonus</span> <span class='ocrx_word' id='word_1_31' title='bbox 1312 763 1364 807; x_wconf 92' lang='lat' dir='ltr'>et</span> <span class='ocrx_word' id='word_1_32' title='bbox 1383 757 1494 823; x_wconf 89' lang='lat' dir='ltr'>ipse</span> <span class='ocrx_word' id='word_1_33' title='bbox 1515 758 1584 807; x_wconf 89' lang='lat' dir='ltr'>ad</span> <span class='ocrx_word' id='word_1_34' title='bbox 1610 774 1699 807; x_wconf 89' lang='lat' dir='ltr'>eos</span> <span class='ocrx_word' id='word_1_35' title='bbox 1719 756 1923 807; x_wconf 90' lang='lat' dir='ltr'>accedit</span> <span class='ocrx_word' id='word_1_36' title='bbox 2201 755 2216 798; x_wconf 61' lang='grc' dir='ltr'><strong><em>ἒ</em></strong></span> 
     </span>
     <span class='ocr_line' id='line_1_7' title="bbox 345 841 1927 907; baseline -0.001 -15"><span class='ocrx_word' id='word_1_37' title='bbox 345 848 397 892; x_wconf 84' lang='lat' dir='ltr'>et</span> <span class='ocrx_word' id='word_1_38' title='bbox 425 843 661 892; x_wconf 91' lang='lat' dir='ltr'>homines</span> <span class='ocrx_word' id='word_1_39' title='bbox 686 843 886 892; x_wconf 88' lang='lat' dir='ltr'>nobiles</span> <span class='ocrx_word' id='word_1_40' title='bbox 923 842 1130 906; x_wconf 76' lang='lat' dir='ltr'>adlegat</span> <span class='ocrx_word' id='word_1_41' title='bbox 1159 841 1220 891; x_wconf 75' lang='lat' dir='ltr'>ab</span> <span class='ocrx_word' id='word_1_42' title='bbox 1257 841 1320 891; x_wconf 94' lang='lat' dir='ltr'>iis</span> <span class='ocrx_word' id='word_1_43' title='bbox 1355 842 1448 905; x_wconf 89' lang='lat' dir='ltr'>qui</span> <span class='ocrx_word' id='word_1_44' title='bbox 1471 845 1726 907; x_wconf 89' lang='lat' dir='ltr'>peterent,</span> <span class='ocrx_word' id='word_1_45' title='bbox 1764 857 1830 890; x_wconf 90' lang='lat' dir='ltr'>ne</span> <span class='ocrx_word' id='word_1_46' title='bbox 1857 841 1927 890; x_wconf 92' lang='lat' dir='ltr'>ad</span> 
     </span>
     <span class='ocr_line' id='line_1_8' title="bbox 349 924 1918 990; baseline -0.002 -14"><span class='ocrx_word' id='word_1_47' title='bbox 349 927 546 976; x_wconf 81' lang='lat' dir='ltr'>Sullam</span> <span class='ocrx_word' id='word_1_48' title='bbox 577 926 798 984; x_wconf 89' lang='lat' dir='ltr'>adirent,</span> <span class='ocrx_word' id='word_1_49' title='bbox 824 931 876 975; x_wconf 92' lang='lat' dir='ltr'>et</span> <span class='ocrx_word' id='word_1_50' title='bbox 898 925 1076 976; x_wconf 90' lang='lat' dir='ltr'>omnia</span> <span class='ocrx_word' id='word_1_51' title='bbox 1107 926 1518 990; x_wconf 82' lang='lat' dir='ltr'>Chrysogonum,</span> <span class='ocrx_word' id='word_1_52' title='bbox 1551 941 1687 988; x_wconf 91' lang='lat' dir='ltr'>quae</span> <span class='ocrx_word' id='word_1_53' title='bbox 1707 924 1918 984; x_wconf 86' lang='lat' dir='ltr'>vellent,</span> 
     </span>
    </p>

    <p class='ocr_par' dir='ltr' id='par_1_4' title="bbox 246 1007 1937 2079">
     <span class='ocr_line' id='line_1_9' title="bbox 246 1007 1932 1075; baseline -0.001 -16"><span class='ocrx_word' id='word_1_54' title='bbox 246 1010 311 1061; x_wconf 79' lang='lat'>26</span> <span class='ocrx_word' id='word_1_55' title='bbox 350 1026 458 1058; x_wconf 89' lang='lat' dir='ltr'>esse</span> <span class='ocrx_word' id='word_1_56' title='bbox 488 1010 753 1059; x_wconf 80' lang='lat' dir='ltr'>facturum</span> <span class='ocrx_word' id='word_1_57' title='bbox 791 1010 1171 1075; x_wconf 79' lang='lat' dir='ltr'>pollicerentur.</span> <span class='ocrx_word' id='word_1_58' title='bbox 1263 1011 1444 1073; x_wconf 85' lang='lat' dir='ltr'>Usque</span> <span class='ocrx_word' id='word_1_59' title='bbox 1474 1008 1605 1057; x_wconf 90' lang='lat' dir='ltr'>adeo</span> <span class='ocrx_word' id='word_1_60' title='bbox 1634 1012 1813 1057; x_wconf 91' lang='lat' dir='ltr'>autem</span> <span class='ocrx_word' id='word_1_61' title='bbox 1840 1007 1932 1058; x_wconf 81' lang='lat' dir='ltr'>ille</span> 
     </span>
     <span class='ocr_line' id='line_1_10' title="bbox 346 1091 1926 1158; baseline -0.001 -16"><span class='ocrx_word' id='word_1_62' title='bbox 346 1093 705 1158; x_wconf 78' lang='lat' dir='ltr'>pertimuerat,</span> <span class='ocrx_word' id='word_1_63' title='bbox 729 1098 788 1142; x_wconf 92' lang='lat' dir='ltr'>ut</span> <span class='ocrx_word' id='word_1_64' title='bbox 816 1095 948 1143; x_wconf 88' lang='lat' dir='ltr'>mori</span> <span class='ocrx_word' id='word_1_65' title='bbox 966 1093 1148 1143; x_wconf 87' lang='lat' dir='ltr'>mallet</span> <span class='ocrx_word' id='word_1_66' title='bbox 1177 1109 1339 1156; x_wconf 89' lang='lat' dir='ltr'>quam</span> <span class='ocrx_word' id='word_1_67' title='bbox 1359 1094 1424 1142; x_wconf 92' lang='lat' dir='ltr'>de</span> <span class='ocrx_word' id='word_1_68' title='bbox 1453 1092 1533 1141; x_wconf 91' lang='lat' dir='ltr'>his</span> <span class='ocrx_word' id='word_1_69' title='bbox 1552 1092 1707 1141; x_wconf 88' lang='lat' dir='ltr'>rebus</span> <span class='ocrx_word' id='word_1_70' title='bbox 1726 1091 1926 1142; x_wconf 85' lang='lat' dir='ltr'>Sullam</span> 
     </span>
     <span class='ocr_line' id='line_1_11' title="bbox 346 1177 1933 1241; baseline -0.001 -15"><span class='ocrx_word' id='word_1_71' title='bbox 346 1177 532 1226; x_wconf 90' lang='lat' dir='ltr'>doceri.</span> <span class='ocrx_word' id='word_1_72' title='bbox 608 1178 861 1227; x_wconf 88' lang='lat' dir='ltr'>Homines</span> <span class='ocrx_word' id='word_1_73' title='bbox 890 1177 1110 1240; x_wconf 88' lang='lat' dir='ltr'>antiqui,</span> <span class='ocrx_word' id='word_1_74' title='bbox 1150 1177 1240 1241; x_wconf 90' lang='lat' dir='ltr'>qui</span> <span class='ocrx_word' id='word_1_75' title='bbox 1270 1193 1332 1226; x_wconf 83' lang='lat' dir='ltr'>ex</span> <span class='ocrx_word' id='word_1_76' title='bbox 1373 1192 1467 1227; x_wconf 86' lang='lat' dir='ltr'>sua</span> <span class='ocrx_word' id='word_1_77' title='bbox 1495 1180 1687 1225; x_wconf 87' lang='lat' dir='ltr'>natura</span> <span class='ocrx_word' id='word_1_78' title='bbox 1727 1179 1933 1224; x_wconf 47' lang='lat' dir='ltr'>ceteros&gt;</span> 
     </span>
     <span class='ocr_line' id='line_1_12' title="bbox 343 1258 1926 1325; baseline -0.001 -16"><span class='ocrx_word' id='word_1_79' title='bbox 343 1260 611 1325; x_wconf 90' lang='lat' dir='ltr'>fingerent,</span> <span class='ocrx_word' id='word_1_80' title='bbox 642 1278 762 1310; x_wconf 90' lang='lat' dir='ltr'>cum</span> <span class='ocrx_word' id='word_1_81' title='bbox 787 1261 871 1309; x_wconf 90' lang='lat' dir='ltr'>ille</span> <span class='ocrx_word' id='word_1_82' title='bbox 897 1262 1228 1310; x_wconf 90' lang='lat' dir='ltr'>confirmaret</span> <span class='ocrx_word' id='word_1_83' title='bbox 1256 1276 1366 1309; x_wconf 87' lang='lat' dir='ltr'>sese</span> <span class='ocrx_word' id='word_1_84' title='bbox 1392 1275 1583 1308; x_wconf 91' lang='lat' dir='ltr'>nomen</span> <span class='ocrx_word' id='word_1_85' title='bbox 1619 1259 1735 1308; x_wconf 87' lang='lat' dir='ltr'>Sex.</span> <span class='ocrx_word' id='word_1_86' title='bbox 1768 1258 1926 1308; x_wconf 84' lang='lat' dir='ltr'>Rosci</span> 
     </span>
     <span class='ocr_line' id='line_1_13' title="bbox 347 1342 1930 1409; baseline -0.001 -17"><span class='ocrx_word' id='word_1_87' title='bbox 347 1344 411 1393; x_wconf 93' lang='lat' dir='ltr'>de</span> <span class='ocrx_word' id='word_1_88' title='bbox 450 1345 645 1394; x_wconf 88' lang='lat' dir='ltr'>tabulis</span> <span class='ocrx_word' id='word_1_89' title='bbox 692 1350 1075 1409; x_wconf 82' lang='lat' dir='ltr'>exempturum,</span> <span class='ocrx_word' id='word_1_90' title='bbox 1127 1343 1340 1409; x_wconf 88' lang='lat' dir='ltr'>praedia</span> <span class='ocrx_word' id='word_1_91' title='bbox 1378 1359 1548 1392; x_wconf 87' lang='lat' dir='ltr'>vacua</span> <span class='ocrx_word' id='word_1_92' title='bbox 1595 1343 1701 1393; x_wconf 93' lang='lat' dir='ltr'>filio</span> <span class='ocrx_word' id='word_1_93' title='bbox 1739 1342 1930 1391; x_wconf 83' lang='lat' dir='ltr'>tradit-</span> 
     </span>
     <span class='ocr_line' id='line_1_14' title="bbox 348 1425 1934 1492; baseline -0.001 -17"><span class='ocrx_word' id='word_1_94' title='bbox 348 1444 516 1487; x_wconf 90' lang='lat' dir='ltr'>urum,</span> <span class='ocrx_word' id='word_1_95' title='bbox 547 1442 771 1491; x_wconf 83' lang='lat' dir='ltr'>cumque</span> <span class='ocrx_word' id='word_1_96' title='bbox 805 1428 859 1478; x_wconf 89' lang='lat' dir='ltr'>id</span> <span class='ocrx_word' id='word_1_97' title='bbox 884 1428 960 1476; x_wconf 90' lang='lat' dir='ltr'>ita</span> <span class='ocrx_word' id='word_1_98' title='bbox 986 1427 1229 1476; x_wconf 87' lang='lat' dir='ltr'>futurum</span> <span class='ocrx_word' id='word_1_99' title='bbox 1255 1427 1311 1478; x_wconf 87' lang='lat' dir='ltr'>T.</span> <span class='ocrx_word' id='word_1_100' title='bbox 1351 1426 1572 1477; x_wconf 88' lang='lat' dir='ltr'>Roscius</span> <span class='ocrx_word' id='word_1_101' title='bbox 1605 1425 1807 1492; x_wconf 86' lang='lat' dir='ltr'>Capito,</span> <span class='ocrx_word' id='word_1_102' title='bbox 1835 1426 1934 1491; x_wconf 87' lang='lat' dir='ltr'>qui.</span> 
     </span>
     <span class='ocr_line' id='line_1_15' title="bbox 347 1510 1923 1576; baseline 0 -17"><span class='ocrx_word' id='word_1_103' title='bbox 347 1512 401 1559; x_wconf 92' lang='lat' dir='ltr'>in</span> <span class='ocrx_word' id='word_1_104' title='bbox 444 1513 623 1560; x_wconf 89' lang='lat' dir='ltr'>decem</span> <span class='ocrx_word' id='word_1_105' title='bbox 674 1512 861 1576; x_wconf 88' lang='lat' dir='ltr'>legati&#39;s</span> <span class='ocrx_word' id='word_1_106' title='bbox 901 1517 1028 1571; x_wconf 84' lang='lat' dir='ltr'>erat,</span> <span class='ocrx_word' id='word_1_107' title='bbox 1083 1511 1501 1576; x_wconf 90' lang='lat' dir='ltr'>adpromitteret‚</span> <span class='ocrx_word' id='word_1_108' title='bbox 1555 1510 1889 1560; x_wconf 87' lang='lat' dir='ltr'>crediderunt</span> <span class='ocrx_word' id='word_1_109' title='bbox 1911 1526 1923 1570; x_wconf 88' lang='grc'>;</span> 
     </span>
     <span class='ocr_line' id='line_1_16' title="bbox 348 1594 1927 1657; baseline 0 -15"><span class='ocrx_word' id='word_1_110' title='bbox 348 1595 614 1644; x_wconf 84' lang='lat' dir='ltr'>Ameriam</span> <span class='ocrx_word' id='word_1_111' title='bbox 666 1612 719 1644; x_wconf 92' lang='lat' dir='ltr'>re</span> <span class='ocrx_word' id='word_1_112' title='bbox 768 1596 977 1645; x_wconf 87' lang='lat' dir='ltr'>inorata</span> <span class='ocrx_word' id='word_1_113' title='bbox 1035 1600 1380 1648; x_wconf 87' lang='lat' dir='ltr'>reverterunt.</span> <span class='ocrx_word' id='word_1_114' title='bbox 1462 1594 1538 1644; x_wconf 87' lang='lat' dir='ltr'>Ac</span> <span class='ocrx_word' id='word_1_115' title='bbox 1597 1594 1766 1657; x_wconf 73' lang='lat' dir='ltr'>primo</span> <span class='ocrx_word' id='word_1_116' title='bbox 1816 1609 1927 1642; x_wconf 87' lang='lat' dir='ltr'>rem</span> 
     </span>
     <span class='ocr_line' id='line_1_17' title="bbox 349 1675 1937 1744; baseline 0 -17"><span class='ocrx_word' id='word_1_117' title='bbox 349 1679 555 1727; x_wconf 80' lang='lat' dir='ltr'>differre</span> <span class='ocrx_word' id='word_1_118' title='bbox 577 1679 769 1730; x_wconf 87' lang='lat' dir='ltr'>cotidie</span> <span class='ocrx_word' id='word_1_119' title='bbox 791 1696 852 1728; x_wconf 89' lang='lat' dir='ltr'>ac</span> <span class='ocrx_word' id='word_1_120' title='bbox 883 1679 1265 1744; x_wconf 81' lang='lat' dir='ltr'>procrastinare</span> <span class='ocrx_word' id='word_1_121' title='bbox 1294 1678 1386 1727; x_wconf 91' lang='lat' dir='ltr'>isti</span> <span class='ocrx_word' id='word_1_122' title='bbox 1407 1683 1706 1743; x_wconf 92' lang='lat' dir='ltr'>coeperunt,</span> <span class='ocrx_word' id='word_1_123' title='bbox 1740 1675 1937 1727; x_wconf 37' lang='lat' dir='ltr'>deinde*</span> 
     </span>
     <span class='ocr_line' id='line_1_18' title="bbox 346 1760 1921 1827; baseline -0.001 -16"><span class='ocrx_word' id='word_1_124' title='bbox 346 1762 621 1826; x_wconf 86' lang='lat' dir='ltr'>aliquanto</span> <span class='ocrx_word' id='word_1_125' title='bbox 677 1762 985 1813; x_wconf 89' lang='lat' dir='ltr'>insolentius</span> <span class='ocrx_word' id='word_1_126' title='bbox 1041 1763 1171 1812; x_wconf 88' lang='lat' dir='ltr'>nihil</span> <span class='ocrx_word' id='word_1_127' title='bbox 1237 1779 1385 1827; x_wconf 85' lang='lat' dir='ltr'>agere</span> <span class='ocrx_word' id='word_1_128' title='bbox 1444 1767 1604 1825; x_wconf 88' lang='lat' dir='ltr'>atque</span> <span class='ocrx_word' id='word_1_129' title='bbox 1662 1760 1921 1820; x_wconf 89' lang='lat' dir='ltr'>deludere,</span> 
     </span>
     <span class='ocr_line' id='line_1_19' title="bbox 350 1843 1936 1910; baseline 0 -16"><span class='ocrx_word' id='word_1_130' title='bbox 350 1851 629 1910; x_wconf 89' lang='lat' dir='ltr'>postremo,</span> <span class='ocrx_word' id='word_1_131' title='bbox 653 1846 707 1896; x_wconf 94' lang='lat' dir='ltr'>id</span> <span class='ocrx_word' id='word_1_132' title='bbox 736 1848 879 1910; x_wconf 90' lang='lat' dir='ltr'>quod</span> <span class='ocrx_word' id='word_1_133' title='bbox 900 1846 1054 1897; x_wconf 80' lang='lat' dir='ltr'>facile</span> <span class='ocrx_word' id='word_1_134' title='bbox 1081 1847 1407 1896; x_wconf 86' lang='lat' dir='ltr'>intellectum</span> <span class='ocrx_word' id='word_1_135' title='bbox 1427 1850 1520 1904; x_wconf 91' lang='lat' dir='ltr'>est,</span> <span class='ocrx_word' id='word_1_136' title='bbox 1551 1843 1767 1894; x_wconf 90' lang='lat' dir='ltr'>insidias</span> <span class='ocrx_word' id='word_1_137' title='bbox 1784 1843 1936 1894; x_wconf 87' lang='lat' dir='ltr'>vitae·</span> 
     </span>
     <span class='ocr_line' id='line_1_20' title="bbox 351 1928 1929 1995; baseline 0 -17"><span class='ocrx_word' id='word_1_138' title='bbox 351 1929 564 1979; x_wconf 89' lang='lat' dir='ltr'>huiusce</span> <span class='ocrx_word' id='word_1_139' title='bbox 602 1932 716 1980; x_wconf 79' lang='lat' dir='ltr'>Sex.</span> <span class='ocrx_word' id='word_1_140' title='bbox 752 1930 907 1979; x_wconf 87' lang='lat' dir='ltr'>Rosci</span> <span class='ocrx_word' id='word_1_141' title='bbox 934 1947 1118 1995; x_wconf 92' lang='lat' dir='ltr'>parare</span> <span class='ocrx_word' id='word_1_142' title='bbox 1157 1947 1326 1993; x_wconf 89' lang='lat' dir='ltr'>neque</span> <span class='ocrx_word' id='word_1_143' title='bbox 1356 1946 1466 1980; x_wconf 90' lang='lat' dir='ltr'>sese</span> <span class='ocrx_word' id='word_1_144' title='bbox 1495 1928 1737 1978; x_wconf 89' lang='lat' dir='ltr'>arbitrari</span> <span class='ocrx_word' id='word_1_145' title='bbox 1774 1944 1929 1993; x_wconf 84' lang='lat' dir='ltr'>posse</span> 
     </span>
     <span class='ocr_line' id='line_1_21' title="bbox 350 2011 1923 2079; baseline 0.001 -18"><span class='ocrx_word' id='word_1_146' title='bbox 350 2012 548 2062; x_wconf 91' lang='lat' dir='ltr'>diutius</span> <span class='ocrx_word' id='word_1_147' title='bbox 585 2013 807 2063; x_wconf 88' lang='lat' dir='ltr'>alienam</span> <span class='ocrx_word' id='word_1_148' title='bbox 835 2013 1111 2079; x_wconf 88' lang='lat' dir='ltr'>pecuniam</span> <span class='ocrx_word' id='word_1_149' title='bbox 1149 2013 1362 2063; x_wconf 89' lang='lat' dir='ltr'>domino</span> <span class='ocrx_word' id='word_1_150' title='bbox 1390 2012 1638 2062; x_wconf 87' lang='lat' dir='ltr'>incolumi</span> <span class='ocrx_word' id='word_1_151' title='bbox 1673 2011 1923 2062; x_wconf 91' lang='lat' dir='ltr'>obtinere.</span> 
     </span>
    </p>

    <p class='ocr_par' dir='ltr' id='par_1_5' title="bbox 251 2082 2026 3082">
     <span class='ocr_line' id='line_1_22' title="bbox 251 2082 1931 2162; baseline -0.001 -16"><span class='ocrx_word' id='word_1_152' title='bbox 251 2097 317 2146; x_wconf 86' lang='grc'>27</span> <span class='ocrx_word' id='word_1_153' title='bbox 354 2096 420 2146; x_wconf 88' lang='lat' dir='ltr'>X.</span> <span class='ocrx_word' id='word_1_154' title='bbox 463 2098 615 2161; x_wconf 71' lang='lat' dir='ltr'>Quod</span> <span class='ocrx_word' id='word_1_155' title='bbox 639 2098 721 2147; x_wconf 89' lang='lat' dir='ltr'>hic</span> <span class='ocrx_word' id='word_1_156' title='bbox 756 2097 909 2147; x_wconf 90' lang='lat' dir='ltr'>simul</span> <span class='ocrx_word' id='word_1_157' title='bbox 934 2102 1096 2162; x_wconf 91' lang='lat' dir='ltr'>atque</span> <span class='ocrx_word' id='word_1_158' title='bbox 1119 2098 1295 2156; x_wconf 89' lang='lat' dir='ltr'>sensit,</span> <span class='ocrx_word' id='word_1_159' title='bbox 1332 2098 1398 2147; x_wconf 92' lang='lat' dir='ltr'>de</span> <span class='ocrx_word' id='word_1_160' title='bbox 1422 2096 1709 2146; x_wconf 89' lang='lat' dir='ltr'>amicorum</span> <span class='ocrx_word' id='word_1_161' title='bbox 1742 2082 1931 2160; x_wconf 84' lang='lat' dir='ltr'>cogna-</span> 
     </span>
     <span class='ocr_line' id='line_1_23' title="bbox 353 2178 1987 2244; baseline -0.001 -16"><span class='ocrx_word' id='word_1_162' title='bbox 353 2185 633 2244; x_wconf 88' lang='lat' dir='ltr'>torumque</span> <span class='ocrx_word' id='word_1_163' title='bbox 662 2182 924 2230; x_wconf 87' lang='lat' dir='ltr'>sententia</span> <span class='ocrx_word' id='word_1_164' title='bbox 944 2183 1172 2230; x_wconf 87' lang='lat' dir='ltr'>Romam</span> <span class='ocrx_word' id='word_1_165' title='bbox 1202 2181 1438 2244; x_wconf 79' lang='lat' dir='ltr'>confugit</span> <span class='ocrx_word' id='word_1_166' title='bbox 1460 2185 1512 2230; x_wconf 86' lang='lat' dir='ltr'>et</span> <span class='ocrx_word' id='word_1_167' title='bbox 1532 2197 1642 2229; x_wconf 91' lang='lat' dir='ltr'>sese</span> <span class='ocrx_word' id='word_1_168' title='bbox 1670 2181 1734 2230; x_wconf 91' lang='lat' dir='ltr'>ad</span> <span class='ocrx_word' id='word_1_169' title='bbox 1757 2178 1931 2229; x_wconf 87' lang='lat' dir='ltr'>Caeci·</span> <span class='ocrx_word' id='word_1_170' title='bbox 1982 2239 1987 2244; x_wconf 85' lang='lat'><strong>.</strong></span> 
     </span>
     <span class='ocr_line' id='line_1_24' title="bbox 348 2262 1939 2330; baseline 0.001 -19"><span class='ocrx_word' id='word_1_171' title='bbox 348 2264 487 2322; x_wconf 87' lang='lat' dir='ltr'>liam,</span> <span class='ocrx_word' id='word_1_172' title='bbox 522 2265 742 2330; x_wconf 84' lang='lat' dir='ltr'>Nepotis</span> <span class='ocrx_word' id='word_1_173' title='bbox 772 2281 1004 2325; x_wconf 73' lang='lat' dir='ltr'>sororem,</span> <span class='ocrx_word' id='word_1_174' title='bbox 1042 2266 1304 2314; x_wconf 78' lang='lat' dir='ltr'>Balearici</span> <span class='ocrx_word' id='word_1_175' title='bbox 1346 2265 1522 2322; x_wconf 89' lang='lat' dir='ltr'>filiam,</span> <span class='ocrx_word' id='word_1_176' title='bbox 1541 2279 1702 2327; x_wconf 89' lang='lat' dir='ltr'>quam</span> <span class='ocrx_word' id='word_1_177' title='bbox 1719 2262 1939 2312; x_wconf 60' lang='lat' dir='ltr'>honoris¹</span> 
     </span>
     <span class='ocr_line' id='line_1_25' title="bbox 351 2346 2018 2413; baseline 0 -18"><span class='ocrx_word' id='word_1_178' title='bbox 351 2363 508 2397; x_wconf 85' lang='lat' dir='ltr'>causa</span> <span class='ocrx_word' id='word_1_179' title='bbox 529 2348 755 2406; x_wconf 83' lang='lat' dir='ltr'>nomino,</span> <span class='ocrx_word' id='word_1_180' title='bbox 781 2349 1018 2406; x_wconf 87' lang='lat' dir='ltr'>contulit,</span> <span class='ocrx_word' id='word_1_181' title='bbox 1042 2364 1148 2413; x_wconf 92' lang='lat' dir='ltr'>qua</span> <span class='ocrx_word' id='word_1_182' title='bbox 1169 2354 1319 2413; x_wconf 88' lang='lat' dir='ltr'>pater</span> <span class='ocrx_word' id='word_1_183' title='bbox 1340 2364 1463 2397; x_wconf 91' lang='lat' dir='ltr'>usus</span> <span class='ocrx_word' id='word_1_184' title='bbox 1480 2351 1592 2397; x_wconf 81' lang='lat' dir='ltr'>erat</span> <span class='ocrx_word' id='word_1_185' title='bbox 1612 2346 1896 2411; x_wconf 89' lang='lat' dir='ltr'>plurimum</span> <span class='ocrx_word' id='word_1_186' title='bbox 1907 2361 1925 2406; x_wconf 52' lang='grc'>7;</span> <span class='ocrx_word' id='word_1_187' title='bbox 2014 2400 2018 2403; x_wconf 56' lang='grc'><strong>,</strong></span> 
     </span>
     <span class='ocr_line' id='line_1_26' title="bbox 353 2431 2026 2498; baseline 0 -20"><span class='ocrx_word' id='word_1_188' title='bbox 353 2431 405 2478; x_wconf 91' lang='lat' dir='ltr'>in</span> <span class='ocrx_word' id='word_1_189' title='bbox 438 2448 543 2494; x_wconf 89' lang='lat' dir='ltr'>qua</span> <span class='ocrx_word' id='word_1_190' title='bbox 573 2432 801 2489; x_wconf 89' lang='lat' dir='ltr'>muliere,</span> <span class='ocrx_word' id='word_1_191' title='bbox 849 2433 1057 2489; x_wconf 88' lang='lat' dir='ltr'>iudices,</span> <span class='ocrx_word' id='word_1_192' title='bbox 1094 2432 1253 2482; x_wconf 90' lang='lat' dir='ltr'>etiam</span> <span class='ocrx_word' id='word_1_193' title='bbox 1295 2448 1448 2489; x_wconf 90' lang='lat' dir='ltr'>nunc,</span> <span class='ocrx_word' id='word_1_194' title='bbox 1483 2431 1537 2481; x_wconf 92' lang='lat' dir='ltr'>id</span> <span class='ocrx_word' id='word_1_195' title='bbox 1568 2431 1712 2495; x_wconf 89' lang='lat' dir='ltr'>quod</span> <span class='ocrx_word' id='word_1_196' title='bbox 1749 2444 1932 2479; x_wconf 88' lang='lat' dir='ltr'>omnes</span> <span class='ocrx_word' id='word_1_197' title='bbox 2004 2494 2026 2498; x_wconf 2' lang='lat' dir='ltr'>,a</span> 
     </span>
     <span class='ocr_line' id='line_1_27' title="bbox 355 2512 1930 2580; baseline 0 -19"><span class='ocrx_word' id='word_1_198' title='bbox 355 2530 556 2578; x_wconf 83' lang='lat' dir='ltr'>semper</span> <span class='ocrx_word' id='word_1_199' title='bbox 593 2516 1040 2573; x_wconf 80' lang='lat' dir='ltr'>existimaverunt,</span> <span class='ocrx_word' id='word_1_200' title='bbox 1082 2517 1232 2580; x_wconf 88' lang='lat' dir='ltr'>quasi</span> <span class='ocrx_word' id='word_1_201' title='bbox 1260 2515 1484 2580; x_wconf 85' lang='lat' dir='ltr'>exempli</span> <span class='ocrx_word' id='word_1_202' title='bbox 1524 2531 1682 2563; x_wconf 88' lang='lat' dir='ltr'>causa</span> <span class='ocrx_word' id='word_1_203' title='bbox 1707 2512 1930 2577; x_wconf 82' lang='lat' dir='ltr'>vestigia</span> 
     </span>
     <span class='ocr_line' id='line_1_28' title="bbox 355 2597 1922 2663; baseline 0 -18"><span class='ocrx_word' id='word_1_204' title='bbox 355 2598 558 2661; x_wconf 88' lang='lat' dir='ltr'>antiqui</span> <span class='ocrx_word' id='word_1_205' title='bbox 589 2599 741 2647; x_wconf 82' lang='lat' dir='ltr'>officii</span> <span class='ocrx_word' id='word_1_206' title='bbox 772 2605 1057 2648; x_wconf 85' lang='lat' dir='ltr'>remanent.</span> <span class='ocrx_word' id='word_1_207' title='bbox 1150 2601 1229 2649; x_wconf 83' lang='lat' dir='ltr'>Ea</span> <span class='ocrx_word' id='word_1_208' title='bbox 1260 2600 1374 2648; x_wconf 80' lang='lat' dir='ltr'>Sex.</span> <span class='ocrx_word' id='word_1_209' title='bbox 1420 2598 1667 2648; x_wconf 87' lang='lat' dir='ltr'>Roscium</span> <span class='ocrx_word' id='word_1_210' title='bbox 1697 2597 1922 2663; x_wconf 90' lang='lat' dir='ltr'>inopem,</span> 
     </span>
     <span class='ocr_line' id='line_1_29' title="bbox 356 2681 1933 2747; baseline 0 -18"><span class='ocrx_word' id='word_1_211' title='bbox 356 2681 580 2729; x_wconf 88' lang='lat' dir='ltr'>eiectum</span> <span class='ocrx_word' id='word_1_212' title='bbox 598 2683 754 2731; x_wconf 92' lang='lat' dir='ltr'>domo</span> <span class='ocrx_word' id='word_1_213' title='bbox 773 2687 934 2746; x_wconf 89' lang='lat' dir='ltr'>atque</span> <span class='ocrx_word' id='word_1_214' title='bbox 951 2683 1227 2747; x_wconf 85' lang='lat' dir='ltr'>expulsum</span> <span class='ocrx_word' id='word_1_215' title='bbox 1245 2700 1308 2732; x_wconf 84' lang='lat' dir='ltr'>ex</span> <span class='ocrx_word' id='word_1_216' title='bbox 1326 2684 1432 2732; x_wconf 91' lang='lat' dir='ltr'>suis</span> <span class='ocrx_word' id='word_1_217' title='bbox 1447 2682 1613 2741; x_wconf 89' lang='lat' dir='ltr'>bonis,</span> <span class='ocrx_word' id='word_1_218' title='bbox 1644 2681 1933 2746; x_wconf 76' lang='lat' dir='ltr'>fugientem</span> 
     </span>
     <span class='ocr_line' id='line_1_30' title="bbox 357 2764 1941 2830; baseline 0.001 -19"><span class='ocrx_word' id='word_1_219' title='bbox 357 2764 618 2813; x_wconf 89' lang='lat' dir='ltr'>latronum</span> <span class='ocrx_word' id='word_1_220' title='bbox 663 2767 767 2816; x_wconf 84' lang='lat' dir='ltr'>tela</span> <span class='ocrx_word' id='word_1_221' title='bbox 808 2771 860 2815; x_wconf 90' lang='lat' dir='ltr'>et</span> <span class='ocrx_word' id='word_1_222' title='bbox 901 2767 1070 2816; x_wconf 89' lang='lat' dir='ltr'>minas</span> <span class='ocrx_word' id='word_1_223' title='bbox 1121 2767 1315 2830; x_wconf 85' lang='lat' dir='ltr'>recepit</span> <span class='ocrx_word' id='word_1_224' title='bbox 1365 2767 1582 2815; x_wconf 90' lang='lat' dir='ltr'>domum</span> <span class='ocrx_word' id='word_1_225' title='bbox 1631 2764 1941 2830; x_wconf 86' lang='lat' dir='ltr'>hospitique·</span> 
     </span>
     <span class='ocr_line' id='line_1_31' title="bbox 357 2849 1929 2914; baseline 0.001 -19"><span class='ocrx_word' id='word_1_226' title='bbox 357 2864 602 2912; x_wconf 84' lang='lat' dir='ltr'>oppresso</span> <span class='ocrx_word' id='word_1_227' title='bbox 626 2850 731 2897; x_wconf 91' lang='lat' dir='ltr'>iam</span> <span class='ocrx_word' id='word_1_228' title='bbox 768 2850 1148 2914; x_wconf 86' lang='lat' dir='ltr'>desperatoque</span> <span class='ocrx_word' id='word_1_229' title='bbox 1182 2852 1249 2899; x_wconf 86' lang='lat' dir='ltr'>ab</span> <span class='ocrx_word' id='word_1_230' title='bbox 1274 2850 1517 2899; x_wconf 88' lang='lat' dir='ltr'>omnibus</span> <span class='ocrx_word' id='word_1_231' title='bbox 1549 2849 1811 2913; x_wconf 85' lang='lat' dir='ltr'>opitulata</span> <span class='ocrx_word' id='word_1_232' title='bbox 1833 2851 1929 2897; x_wconf 82' lang='lat' dir='ltr'>est.</span> 
     </span>
     <span class='ocr_line' id='line_1_32' title="bbox 358 2931 1941 2997; baseline 0 -18"><span class='ocrx_word' id='word_1_233' title='bbox 358 2931 484 2979; x_wconf 77' lang='lat' dir='ltr'>Eius</span> <span class='ocrx_word' id='word_1_234' title='bbox 508 2932 721 2990; x_wconf 84' lang='lat' dir='ltr'>virtute,</span> <span class='ocrx_word' id='word_1_235' title='bbox 751 2933 865 2990; x_wconf 82' lang='lat' dir='ltr'>fide,</span> <span class='ocrx_word' id='word_1_236' title='bbox 902 2934 1172 2997; x_wconf 88' lang='lat' dir='ltr'>diligentia</span> <span class='ocrx_word' id='word_1_237' title='bbox 1205 2934 1407 2983; x_wconf 77' lang='lat' dir='ltr'>factum</span> <span class='ocrx_word' id='word_1_238' title='bbox 1432 2939 1526 2991; x_wconf 90' lang='lat' dir='ltr'>est,</span> <span class='ocrx_word' id='word_1_239' title='bbox 1553 2939 1614 2982; x_wconf 89' lang='lat' dir='ltr'>ut</span> <span class='ocrx_word' id='word_1_240' title='bbox 1645 2931 1730 2983; x_wconf 92' lang='lat' dir='ltr'>hic</span> <span class='ocrx_word' id='word_1_241' title='bbox 1753 2931 1941 2997; x_wconf 85' lang='lat' dir='ltr'>potius</span> 
     </span>
     <span class='ocr_line' id='line_1_33' title="bbox 357 3015 1858 3082; baseline 0.001 -20"><span class='ocrx_word' id='word_1_242' title='bbox 357 3015 510 3063; x_wconf 68' lang='lat' dir='ltr'>vivus</span> <span class='ocrx_word' id='word_1_243' title='bbox 530 3015 582 3062; x_wconf 91' lang='lat' dir='ltr'>in</span> <span class='ocrx_word' id='word_1_244' title='bbox 603 3032 714 3064; x_wconf 87' lang='lat' dir='ltr'>reos</span> <span class='ocrx_word' id='word_1_245' title='bbox 735 3033 894 3080; x_wconf 87' lang='lat' dir='ltr'>quam</span> <span class='ocrx_word' id='word_1_246' title='bbox 914 3018 1113 3066; x_wconf 89' lang='lat' dir='ltr'>occisus</span> <span class='ocrx_word' id='word_1_247' title='bbox 1133 3018 1185 3065; x_wconf 91' lang='lat' dir='ltr'>in</span> <span class='ocrx_word' id='word_1_248' title='bbox 1206 3018 1523 3082; x_wconf 86' lang='lat' dir='ltr'>proscriptos</span> <span class='ocrx_word' id='word_1_249' title='bbox 1542 3016 1836 3066; x_wconf 83' lang='lat' dir='ltr'>referretur.</span> <span class='ocrx_word' id='word_1_250' title='bbox 1855 3051 1858 3052; x_wconf 14' lang='grc' dir='ltr'><em>γ</em></span> 
     </span>
    </p>
   </div>
  </div>
 </body>
</html>
