2216 3288
232 427 300 476 14

190 891 302 979 ’15

237 1851 303 1902 16

333 306 367 354 6
800 305 943 354 PRO
991 304 1144 355 SEX.
1199 305 1453 355 ROSCIO

336 426 493 475 caede
530 431 708 476 restat.
791 425 970 490 Atque
1005 431 1066 474 ut
1111 425 1313 475 facilius
1348 426 1644 491 intellegere
1687 427 1917 492 possitis,

336 508 546 567 iudices,
588 527 662 568 ea,
704 525 839 574 quae
885 509 1030 559 facta
1065 515 1205 568 sunt,
1252 509 1546 574 indigniora
1581 525 1706 568 esse,
1755 526 1918 575 quam

339 594 468 644 haec
530 600 670 654 sunt,
718 610 854 658 quae
899 594 1137 651 dicimus,
1187 596 1252 644 ab
1298 594 1451 643 initio
1496 610 1578 643 res
1621 609 1782 659 quem
1828 594 1899 643 ad

337 678 557 727 modum
591 683 739 743 gesta
774 678 857 735 sit,
895 677 1050 727 vobis
1094 693 1431 742 exponemus
1478 694 1583 742 quo
1619 678 1820 728 facilius
1863 683 1920 729 et

339 761 496 811 huius
511 762 737 811 hominis
762 761 1174 812 innocentissimi
1199 761 1433 812 miserias
1452 766 1505 811 et
1531 762 1738 812 illorum
1756 762 1918 811 auda-

340 845 474 894 ciam
501 861 809 909 cognoscere
843 846 1054 910 possitis
1091 850 1144 895 et
1170 845 1243 894 rei
1275 845 1515 909 publicae
1541 844 1914 896 calamitatem.

477 930 565 979 VI.
607 931 721 980 SeX.
744 930 980 988 Roscius
999 935 1151 995 pater
1176 929 1403 987 huiusce,
1423 930 1695 994 municeps
1718 919 1915 979 Ameri-

340 1029 439 1063 nus
478 1012 592 1072 fuit,
638 1030 757 1063 cum
808 1026 992 1078 genere
1032 1019 1084 1063 et
1134 1013 1410 1063 nobilitate
1450 1017 1503 1062 et
1551 1014 1773 1079 pecunia
1810 1029 1917 1063 non

338 1097 496 1146 modo
517 1098 595 1146 sui
624 1097 909 1162 municipii,
930 1113 1114 1147 verum
1141 1097 1303 1146 etiam
1322 1097 1432 1146 eius
1457 1097 1746 1147 vicinitatis
1764 1097 1917 1146 facile

339 1180 552 1245 primus,
588 1186 703 1231 tum
744 1181 913 1246 gratia
953 1186 1112 1246 atque
1143 1181 1383 1246 hospitiis
1413 1181 1601 1230 florens
1640 1181 1915 1231 hominum

339 1264 794 1315 nobilissimorum.
912 1265 1051 1314 Nam
1091 1280 1211 1315 cum
1254 1264 1488 1323 Metellis
1534 1264 1776 1324 ServiliiS,
1811 1264 1916 1315 Sci-

338 1347 582 1412 pionibus
616 1354 728 1399 erat
771 1348 813 1398 ei
850 1365 955 1398 non
997 1350 1156 1398 modo
1189 1348 1491 1413 hospitium,
1536 1365 1721 1397 verum
1755 1348 1917 1397 etiam

339 1431 659 1482 domesticus
691 1449 817 1482 usus
842 1438 894 1482 et
930 1432 1268 1491 consuetud0‚
1297 1448 1442 1496 quaS,
1479 1438 1540 1481 ut
1565 1449 1793 1497 aequum
1818 1436 1914 1492 est,

341 1515 566 1566 familias
615 1517 906 1566 honestatis
958 1515 1423 1582 amplitudinisque
1464 1516 1634 1581 gratia
1683 1515 1911 1567 nomino.

342 1600 531 1663 ltaque
572 1616 635 1649 ex
685 1601 928 1651 omnibus
969 1601 1074 1650 suis
1122 1600 1410 1650 commodis
1450 1601 1559 1671 hoc·
1596 1600 1765 1662 solum
1805 1600 1914 1650 filio

340 1683 582 1747 reliquit;
638 1700 762 1733 nam
804 1684 1182 1750 patrimonium
1225 1684 1498 1733 domestici
1540 1684 1828 1748 praedones
1860 1685 1916 1733 vi

335 1772 576 1832 ereptum
598 1767 880 1833 possident,
908 1769 1052 1819 fama
1074 1774 1126 1818 et
1148 1767 1264 1817 vita
1289 1767 1583 1818 innocentis
1605 1768 1673 1818 ab
1695 1767 1915 1833 hospiti-

341 1849 441 1899 bus
486 1852 772 1915 amicisque
797 1853 1032 1916 paternis
1060 1850 1377 1902 defenditur.
1472 1851 1575 1900 Hic
1620 1867 1741 1901 cum
1768 1851 1914 1900 omni

342 1940 580 1999 tempore
606 1936 902 1985 nobilitatis
928 1937 1109 1986 fautor
1141 1936 1342 1994 fuisset,
1377 1941 1492 1984 tum
1518 1938 1615 1985 hoc
1668 1936 1907 1985 tumultu

339 2020 598 2083 proximo,
628 2034 747 2070 cum
774 2021 1012 2069 omnium
1039 2020 1295 2069 nobilium
1323 2018 1554 2084 dignitas
1580 2025 1633 2069 et
1677 2020 1819 2069 salus
1855 2020 1912 2069 in

340 2103 616 2153 discrimen
635 2104 854 2163 veniret,
886 2109 1093 2169 praeter
1113 2110 1315 2155 ceteros
1334 2104 1389 2154 in
1417 2120 1479 2153 ea
1497 2103 1771 2176 vicinitate
1799 2120 1917 2153 earn

339 2191 545 2252 partem
563 2203 881 2252 causamque
906 2204 1078 2254 opera,
1106 2188 1300 2245 studi0,
1329 2188 1646 2238 auctoritate
1662 2186 1914 2239 defendit.

340 2270 554 2321 Etenim
604 2276 807 2323 rectum
865 2273 1094 2337 putabat
1152 2288 1246 2338 pro
1297 2286 1476 2322 eorum
1533 2274 1813 2322 honestate
1861 2287 1919 2322 se

340 2371 588 2420 pugnare,
632 2361 848 2422 propter
886 2373 1019 2420 quos
1050 2358 1161 2421 ipse
1200 2356 1596 2406 honestissimus
1629 2356 1764 2406 inter
1795 2371 1920 2407 suos

339 2441 731 2490 numerabatur.
815 2442 1172 2504 Posteaquam
1216 2439 1440 2490 victoria
1495 2439 1789 2489 constituta
1833 2444 1915 2489 est

340 2525 409 2573 ab
431 2524 693 2588 annisque
720 2523 1038 2583 recessimus,
1061 2540 1182 2572 cum
1209 2524 1653 2588 proscriberentur
1677 2522 1919 2573 homines

340 2611 502 2673 atque
536 2624 600 2657 ex
634 2609 776 2657 omni
818 2608 1024 2673 regione
1067 2613 1378 2673 caperentur
1408 2607 1458 2666 ii,
1497 2607 1588 2671 qui
1630 2606 1916 2658 adversarii

341 2691 500 2741 fuisse
535 2691 879 2756 putabantur,
910 2698 1021 2741 erat
1048 2691 1133 2741 ille
1169 2692 1370 2741 Romae
1395 2691 1639 2756 frequens
1674 2695 1835 2756 atque
1860 2691 1916 2739 in

341 2774 454 2824 foro
489 2779 542 2824 et
573 2775 626 2825 in
659 2791 747 2825 ore
788 2775 1024 2824 omnium
1057 2775 1248 2825 cotidie
1287 2774 1613 2832 versabatur,
1657 2774 1822 2839 magis
1852 2778 1916 2823 ut

341 2859 603 2908 exsultare
632 2859 853 2908 Victoria
889 2858 1181 2909 nobilitatis
1217 2858 1484 2908 videretur
1513 2874 1673 2922 quam
1710 2858 1910 2915 timere,

339 2959 406 2992 ne
429 2943 557 3007 quid
573 2959 645 3013 „ex
669 2959 729 2992 ea
753 2942 1075 2992 calamitatis
1092 2942 1190 2992 sibi
1214 2942 1485 2992 accideret.
