<?xml version="1.0" encoding="UTF-8"?>
<!DOCTYPE html PUBLIC "-//W3C//DTD XHTML 1.0 Transitional//EN"
    "http://www.w3.org/TR/xhtml1/DTD/xhtml1-transitional.dtd">
<html xmlns="http://www.w3.org/1999/xhtml" xml:lang="en" lang="en">
 <head>
  <title>
</title>
<meta http-equiv="Content-Type" content="text/html;charset=utf-8" />
  <meta name='ocr-system' content='tesseract 3.04.00' />
  <meta name='ocr-capabilities' content='ocr_page ocr_carea ocr_par ocr_line ocrx_word'/>
</head>
<body>
  <div class='ocr_page' id='page_1' title='image "./proroscioamerino00ciceuoft/proroscioamerino00ciceuoft_0059.png"; bbox 0 0 2216 3288; ppageno 0'>
   <div class='ocr_carea' id='block_1_1' title="bbox 0 0 166 3288">
    <p class='ocr_par' dir='ltr' id='par_1_1' title="bbox 0 0 166 3288">
     <span class='ocr_line' id='line_1_1' title="bbox 0 0 166 3288; baseline 0 0"><span class='ocrx_word' id='word_1_1' title='bbox 0 0 166 3288; x_wconf 95' lang='lat' dir='ltr'> </span> 
     </span>
    </p>
   </div>
   <div class='ocr_carea' id='block_1_2' title="bbox 556 336 1902 407">
    <p class='ocr_par' dir='ltr' id='par_1_2' title="bbox 556 336 1902 407">
     <span class='ocr_line' id='line_1_2' title="bbox 556 336 1902 407; baseline -0.001 -16"><span class='ocrx_word' id='word_1_2' title='bbox 556 342 702 392; x_wconf 88' lang='lat' dir='ltr'>CAP.</span> <span class='ocrx_word' id='word_1_3' title='bbox 754 341 1323 393; x_wconf 88' lang='lat' dir='ltr'>XXXV—XXXVII.</span> <span class='ocrx_word' id='word_1_4' title='bbox 1397 343 1688 407; x_wconf 83' lang='lat'>§99—105</span> <span class='ocrx_word' id='word_1_5' title='bbox 1739 336 1748 343; x_wconf 71' lang='grc'><em>“</em></span> <span class='ocrx_word' id='word_1_6' title='bbox 1832 343 1902 390; x_wconf 87' lang='grc'>39</span> 
     </span>
    </p>
   </div>
   <div class='ocr_carea' id='block_1_3' title="bbox 315 458 2056 3018">
    <p class='ocr_par' dir='ltr' id='par_1_3' title="bbox 315 458 2056 2348">
     <span class='ocr_line' id='line_1_3' title="bbox 340 458 1897 525; baseline 0 -17"><span class='ocrx_word' id='word_1_7' title='bbox 340 465 402 508; x_wconf 86' lang='lat' dir='ltr'>ut</span> <span class='ocrx_word' id='word_1_8' title='bbox 427 460 484 508; x_wconf 85' lang='lat' dir='ltr'>in</span> <span class='ocrx_word' id='word_1_9' title='bbox 507 460 737 509; x_wconf 87' lang='lat' dir='ltr'>minimis</span> <span class='ocrx_word' id='word_1_10' title='bbox 762 461 916 509; x_wconf 91' lang='lat' dir='ltr'>rebus</span> <span class='ocrx_word' id='word_1_11' title='bbox 943 460 1178 509; x_wconf 90' lang='lat' dir='ltr'>homines</span> <span class='ocrx_word' id='word_1_12' title='bbox 1204 460 1511 525; x_wconf 79' lang='lat' dir='ltr'>amplissimi</span> <span class='ocrx_word' id='word_1_13' title='bbox 1537 458 1897 508; x_wconf 91' lang='lat' dir='ltr'>testimonium</span> 
     </span>
     <span class='ocr_line' id='line_1_4' title="bbox 340 541 2032 606; baseline 0.002 -15"><span class='ocrx_word' id='word_1_14' title='bbox 340 543 407 591; x_wconf 81' lang='lat' dir='ltr'>de</span> <span class='ocrx_word' id='word_1_15' title='bbox 427 559 524 592; x_wconf 89' lang='lat' dir='ltr'>sua</span> <span class='ocrx_word' id='word_1_16' title='bbox 545 559 598 592; x_wconf 90' lang='lat' dir='ltr'>re</span> <span class='ocrx_word' id='word_1_17' title='bbox 619 559 725 591; x_wconf 90' lang='lat' dir='ltr'>non</span> <span class='ocrx_word' id='word_1_18' title='bbox 748 543 994 604; x_wconf 92' lang='lat' dir='ltr'>dicerent.</span> <span class='ocrx_word' id='word_1_19' title='bbox 1039 543 1331 600; x_wconf 82' lang='lat' dir='ltr'>Africanus,</span> <span class='ocrx_word' id='word_1_20' title='bbox 1357 543 1449 606; x_wconf 89' lang='lat' dir='ltr'>qui</span> <span class='ocrx_word' id='word_1_21' title='bbox 1471 558 1565 590; x_wconf 89' lang='lat' dir='ltr'>suo</span> <span class='ocrx_word' id='word_1_22' title='bbox 1588 541 1897 606; x_wconf 83' lang='lat' dir='ltr'>cognomine</span> <span class='ocrx_word' id='word_1_23' title='bbox 1932 544 2032 595; x_wconf 84' lang='grc'>103</span> 
     </span>
     <span class='ocr_line' id='line_1_5' title="bbox 337 625 1894 690; baseline -0.001 -15"><span class='ocrx_word' id='word_1_24' title='bbox 337 626 569 675; x_wconf 83' lang='lat' dir='ltr'>declarat</span> <span class='ocrx_word' id='word_1_25' title='bbox 601 630 815 675; x_wconf 76' lang='lat' dir='ltr'>tertiam</span> <span class='ocrx_word' id='word_1_26' title='bbox 867 629 1075 690; x_wconf 88' lang='lat' dir='ltr'>partem</span> <span class='ocrx_word' id='word_1_27' title='bbox 1089 626 1229 675; x_wconf 88' lang='lat' dir='ltr'>orbis</span> <span class='ocrx_word' id='word_1_28' title='bbox 1261 631 1519 674; x_wconf 87' lang='lat' dir='ltr'>terrarum</span> <span class='ocrx_word' id='word_1_29' title='bbox 1547 641 1601 673; x_wconf 93' lang='lat' dir='ltr'>se</span> <span class='ocrx_word' id='word_1_30' title='bbox 1615 625 1894 690; x_wconf 79' lang='lat' dir='ltr'>subegisse,</span> 
     </span>
     <span class='ocr_line' id='line_1_6' title="bbox 340 707 1893 772; baseline 0 -16"><span class='ocrx_word' id='word_1_31' title='bbox 340 713 538 766; x_wconf 91' lang='lat' dir='ltr'>tamen,</span> <span class='ocrx_word' id='word_1_32' title='bbox 566 709 608 756; x_wconf 95' lang='lat' dir='ltr'>si</span> <span class='ocrx_word' id='word_1_33' title='bbox 635 723 730 757; x_wconf 89' lang='lat' dir='ltr'>sua</span> <span class='ocrx_word' id='word_1_34' title='bbox 756 724 836 757; x_wconf 89' lang='lat' dir='ltr'>res</span> <span class='ocrx_word' id='word_1_35' title='bbox 862 714 1116 772; x_wconf 82' lang='lat' dir='ltr'>ageretur,</span> <span class='ocrx_word' id='word_1_36' title='bbox 1146 707 1509 757; x_wconf 91' lang='lat' dir='ltr'>testimonium</span> <span class='ocrx_word' id='word_1_37' title='bbox 1533 723 1639 756; x_wconf 93' lang='lat' dir='ltr'>non</span> <span class='ocrx_word' id='word_1_38' title='bbox 1665 708 1859 757; x_wconf 89' lang='lat' dir='ltr'>diceret</span> <span class='ocrx_word' id='word_1_39' title='bbox 1882 725 1893 767; x_wconf 86' lang='lat'>;</span> 
     </span>
     <span class='ocr_line' id='line_1_7' title="bbox 338 777 1908 850; baseline 0.001 -11"><span class='ocrx_word' id='word_1_40' title='bbox 338 807 464 840; x_wconf 91' lang='lat' dir='ltr'>nam</span> <span class='ocrx_word' id='word_1_41' title='bbox 479 791 611 840; x_wconf 91' lang='lat' dir='ltr'>illud</span> <span class='ocrx_word' id='word_1_42' title='bbox 626 777 680 839; x_wconf 81' lang='lat' dir='ltr'>in</span> <span class='ocrx_word' id='word_1_43' title='bbox 699 791 861 840; x_wconf 88' lang='lat' dir='ltr'>talem</span> <span class='ocrx_word' id='word_1_44' title='bbox 877 791 1051 839; x_wconf 89' lang='lat' dir='ltr'>virum</span> <span class='ocrx_word' id='word_1_45' title='bbox 1068 807 1174 839; x_wconf 92' lang='lat' dir='ltr'>non</span> <span class='ocrx_word' id='word_1_46' title='bbox 1193 791 1361 840; x_wconf 82' lang='lat' dir='ltr'>audeo</span> <span class='ocrx_word' id='word_1_47' title='bbox 1380 790 1548 839; x_wconf 84' lang='lat' dir='ltr'>dicere</span> <span class='ocrx_word' id='word_1_48' title='bbox 1573 806 1581 838; x_wconf 92' lang='lat'>:</span> <span class='ocrx_word' id='word_1_49' title='bbox 1623 791 1676 840; x_wconf 79' lang='lat' dir='ltr'>Si</span> <span class='ocrx_word' id='word_1_50' title='bbox 1693 791 1908 850; x_wconf 87' lang='lat' dir='ltr'>diceret,</span> 
     </span>
     <span class='ocr_line' id='line_1_8' title="bbox 339 874 1897 938; baseline 0.001 -16"><span class='ocrx_word' id='word_1_51' title='bbox 339 890 446 922; x_wconf 93' lang='lat' dir='ltr'>non</span> <span class='ocrx_word' id='word_1_52' title='bbox 475 874 787 923; x_wconf 87' lang='lat' dir='ltr'>crederetur.</span> <span class='ocrx_word' id='word_1_53' title='bbox 825 874 1014 922; x_wconf 90' lang='lat' dir='ltr'>Videte</span> <span class='ocrx_word' id='word_1_54' title='bbox 1045 890 1199 931; x_wconf 89' lang='lat' dir='ltr'>nunc,</span> <span class='ocrx_word' id='word_1_55' title='bbox 1233 890 1393 938; x_wconf 89' lang='lat' dir='ltr'>quam</span> <span class='ocrx_word' id='word_1_56' title='bbox 1423 889 1575 922; x_wconf 87' lang='lat' dir='ltr'>versa</span> <span class='ocrx_word' id='word_1_57' title='bbox 1604 879 1656 922; x_wconf 88' lang='lat' dir='ltr'>et</span> <span class='ocrx_word' id='word_1_58' title='bbox 1685 879 1897 924; x_wconf 87' lang='lat' dir='ltr'>mutata</span> 
     </span>
     <span class='ocr_line' id='line_1_9' title="bbox 338 956 1895 1021; baseline 0.001 -16"><span class='ocrx_word' id='word_1_59' title='bbox 338 956 392 1005; x_wconf 89' lang='lat' dir='ltr'>in</span> <span class='ocrx_word' id='word_1_60' title='bbox 416 957 644 1021; x_wconf 92' lang='lat' dir='ltr'>peiorem</span> <span class='ocrx_word' id='word_1_61' title='bbox 682 963 888 1021; x_wconf 89' lang='lat' dir='ltr'>partem</span> <span class='ocrx_word' id='word_1_62' title='bbox 925 957 1030 1004; x_wconf 88' lang='lat' dir='ltr'>sint</span> <span class='ocrx_word' id='word_1_63' title='bbox 1055 956 1246 1006; x_wconf 87' lang='lat' dir='ltr'>omnia.</span> <span class='ocrx_word' id='word_1_64' title='bbox 1321 957 1451 1005; x_wconf 88' lang='lat' dir='ltr'>Cum</span> <span class='ocrx_word' id='word_1_65' title='bbox 1491 956 1554 1004; x_wconf 93' lang='lat' dir='ltr'>de</span> <span class='ocrx_word' id='word_1_66' title='bbox 1577 957 1728 1005; x_wconf 90' lang='lat' dir='ltr'>bonis</span> <span class='ocrx_word' id='word_1_67' title='bbox 1754 962 1806 1006; x_wconf 85' lang='lat' dir='ltr'>et</span> <span class='ocrx_word' id='word_1_68' title='bbox 1831 958 1895 1007; x_wconf 90' lang='lat' dir='ltr'>de</span> 
     </span>
     <span class='ocr_line' id='line_1_10' title="bbox 335 1039 1906 1104; baseline 0.002 -16"><span class='ocrx_word' id='word_1_69' title='bbox 335 1040 495 1089; x_wconf 88' lang='lat' dir='ltr'>caede</span> <span class='ocrx_word' id='word_1_70' title='bbox 513 1044 715 1104; x_wconf 87' lang='lat' dir='ltr'>agatur,</span> <span class='ocrx_word' id='word_1_71' title='bbox 735 1039 1100 1089; x_wconf 90' lang='lat' dir='ltr'>testimonium</span> <span class='ocrx_word' id='word_1_72' title='bbox 1118 1039 1353 1088; x_wconf 90' lang='lat' dir='ltr'>dicturus</span> <span class='ocrx_word' id='word_1_73' title='bbox 1371 1043 1450 1087; x_wconf 91' lang='lat' dir='ltr'>est</span> <span class='ocrx_word' id='word_1_74' title='bbox 1478 1039 1537 1097; x_wconf 85' lang='lat' dir='ltr'>iS‚</span> <span class='ocrx_word' id='word_1_75' title='bbox 1558 1040 1649 1103; x_wconf 89' lang='lat' dir='ltr'>qui</span> <span class='ocrx_word' id='word_1_76' title='bbox 1667 1045 1719 1088; x_wconf 90' lang='lat' dir='ltr'>et</span> <span class='ocrx_word' id='word_1_77' title='bbox 1737 1046 1906 1091; x_wconf 90' lang='lat' dir='ltr'>sector</span> 
     </span>
     <span class='ocr_line' id='line_1_11' title="bbox 337 1121 1893 1186; baseline 0.001 -15"><span class='ocrx_word' id='word_1_78' title='bbox 337 1126 417 1171; x_wconf 89' lang='lat' dir='ltr'>est</span> <span class='ocrx_word' id='word_1_79' title='bbox 446 1127 499 1172; x_wconf 92' lang='lat' dir='ltr'>et</span> <span class='ocrx_word' id='word_1_80' title='bbox 528 1122 758 1179; x_wconf 88' lang='lat' dir='ltr'>sicarius,</span> <span class='ocrx_word' id='word_1_81' title='bbox 791 1124 890 1171; x_wconf 91' lang='lat' dir='ltr'>hoc</span> <span class='ocrx_word' id='word_1_82' title='bbox 919 1127 998 1170; x_wconf 94' lang='lat' dir='ltr'>est</span> <span class='ocrx_word' id='word_1_83' title='bbox 1029 1122 1120 1186; x_wconf 88' lang='lat' dir='ltr'>qui</span> <span class='ocrx_word' id='word_1_84' title='bbox 1149 1128 1202 1170; x_wconf 89' lang='lat' dir='ltr'>et</span> <span class='ocrx_word' id='word_1_85' title='bbox 1231 1121 1439 1170; x_wconf 88' lang='lat' dir='ltr'>illorum</span> <span class='ocrx_word' id='word_1_86' title='bbox 1469 1121 1701 1185; x_wconf 86' lang='lat' dir='ltr'>ipsorum</span> <span class='ocrx_word' id='word_1_87' title='bbox 1731 1124 1893 1173; x_wconf 91' lang='lat' dir='ltr'>bono-</span> 
     </span>
     <span class='ocr_line' id='line_1_12' title="bbox 340 1205 1894 1270; baseline 0.002 -16"><span class='ocrx_word' id='word_1_88' title='bbox 340 1221 472 1264; x_wconf 90' lang='lat' dir='ltr'>rum,</span> <span class='ocrx_word' id='word_1_89' title='bbox 503 1205 566 1255; x_wconf 87' lang='lat' dir='ltr'>de</span> <span class='ocrx_word' id='word_1_90' title='bbox 593 1205 784 1270; x_wconf 89' lang='lat' dir='ltr'>quibus</span> <span class='ocrx_word' id='word_1_91' title='bbox 811 1205 998 1269; x_wconf 89' lang='lat' dir='ltr'>agitur,</span> <span class='ocrx_word' id='word_1_92' title='bbox 1029 1210 1235 1269; x_wconf 88' lang='lat' dir='ltr'>emptor</span> <span class='ocrx_word' id='word_1_93' title='bbox 1261 1210 1421 1268; x_wconf 89' lang='lat' dir='ltr'>atque</span> <span class='ocrx_word' id='word_1_94' title='bbox 1446 1220 1710 1269; x_wconf 84' lang='lat' dir='ltr'>possessor</span> <span class='ocrx_word' id='word_1_95' title='bbox 1736 1212 1814 1255; x_wconf 88' lang='lat' dir='ltr'>est</span> <span class='ocrx_word' id='word_1_96' title='bbox 1841 1212 1894 1257; x_wconf 93' lang='lat' dir='ltr'>et</span> 
     </span>
     <span class='ocr_line' id='line_1_13' title="bbox 315 1287 2056 1350; baseline 0.002 -14"><span class='ocrx_word' id='word_1_97' title='bbox 315 1290 457 1336; x_wconf 82' lang='lat' dir='ltr'>’eum</span> <span class='ocrx_word' id='word_1_98' title='bbox 491 1288 758 1336; x_wconf 92' lang='lat' dir='ltr'>hominem</span> <span class='ocrx_word' id='word_1_99' title='bbox 794 1288 1139 1337; x_wconf 90' lang='lat' dir='ltr'>occidendum</span> <span class='ocrx_word' id='word_1_100' title='bbox 1175 1287 1398 1345; x_wconf 83' lang='lat' dir='ltr'>curavit,</span> <span class='ocrx_word' id='word_1_101' title='bbox 1438 1287 1503 1335; x_wconf 91' lang='lat' dir='ltr'>de</span> <span class='ocrx_word' id='word_1_102' title='bbox 1539 1290 1686 1337; x_wconf 89' lang='lat' dir='ltr'>cuius</span> <span class='ocrx_word' id='word_1_103' title='bbox 1724 1296 1892 1341; x_wconf 91' lang='lat' dir='ltr'>morte</span> <span class='ocrx_word' id='word_1_104' title='bbox 2054 1347 2056 1350; x_wconf 17' lang='lat' dir='ltr'>v</span> 
     </span>
     <span class='ocr_line' id='line_1_14' title="bbox 334 1371 2031 1436; baseline 0.002 -17"><span class='ocrx_word' id='word_1_105' title='bbox 334 1371 620 1434; x_wconf 89' lang='lat' dir='ltr'>quaeritur.</span> <span class='ocrx_word' id='word_1_106' title='bbox 695 1371 834 1435; x_wconf 72' lang='lat' dir='ltr'>Quid</span> <span class='ocrx_word' id='word_1_107' title='bbox 853 1377 929 1429; x_wconf 90' lang='lat' dir='ltr'>tu,</span> <span class='ocrx_word' id='word_1_108' title='bbox 953 1372 1033 1420; x_wconf 77' lang='lat' dir='ltr'>vir</span> <span class='ocrx_word' id='word_1_109' title='bbox 1053 1376 1270 1435; x_wconf 86' lang='lat' dir='ltr'>optume</span> <span class='ocrx_word' id='word_1_110' title='bbox 1294 1372 1312 1419; x_wconf 68' lang='grc' dir='ltr'><em>Ρ</em></span> <span class='ocrx_word' id='word_1_111' title='bbox 1359 1371 1549 1434; x_wconf 89' lang='lat' dir='ltr'>ecquid</span> <span class='ocrx_word' id='word_1_112' title='bbox 1567 1373 1730 1421; x_wconf 90' lang='lat' dir='ltr'>habes</span> <span class='ocrx_word' id='word_1_113' title='bbox 1750 1374 1894 1436; x_wconf 91' lang='lat' dir='ltr'>quod</span> <span class='ocrx_word' id='word_1_114' title='bbox 1930 1379 2031 1430; x_wconf 79' lang='grc'>104</span> 
     </span>
     <span class='ocr_line' id='line_1_15' title="bbox 333 1453 1893 1521; baseline 0.003 -19"><span class='ocrx_word' id='word_1_115' title='bbox 333 1453 478 1502; x_wconf 88' lang='lat' dir='ltr'>dicas</span> <span class='ocrx_word' id='word_1_116' title='bbox 502 1455 520 1502; x_wconf 88' lang='lat'>?</span> <span class='ocrx_word' id='word_1_117' title='bbox 561 1453 690 1502; x_wconf 90' lang='lat' dir='ltr'>mihi</span> <span class='ocrx_word' id='word_1_118' title='bbox 709 1455 946 1503; x_wconf 88' lang='lat' dir='ltr'>ausculta</span> <span class='ocrx_word' id='word_1_119' title='bbox 973 1472 980 1504; x_wconf 88' lang='lat'>:</span> <span class='ocrx_word' id='word_1_120' title='bbox 1012 1454 1148 1513; x_wconf 79' lang='lat' dir='ltr'>vide,</span> <span class='ocrx_word' id='word_1_121' title='bbox 1169 1471 1233 1503; x_wconf 91' lang='lat' dir='ltr'>ne</span> <span class='ocrx_word' id='word_1_122' title='bbox 1252 1453 1351 1503; x_wconf 88' lang='lat' dir='ltr'>tibi</span> <span class='ocrx_word' id='word_1_123' title='bbox 1369 1454 1505 1502; x_wconf 90' lang='lat' dir='ltr'>desis</span> <span class='ocrx_word' id='word_1_124' title='bbox 1531 1470 1539 1511; x_wconf 91' lang='lat'>;</span> <span class='ocrx_word' id='word_1_125' title='bbox 1569 1461 1663 1504; x_wconf 87' lang='lat' dir='ltr'>tua</span> <span class='ocrx_word' id='word_1_126' title='bbox 1681 1472 1893 1521; x_wconf 89' lang='lat' dir='ltr'>quoque</span> 
     </span>
     <span class='ocr_line' id='line_1_16' title="bbox 333 1537 1891 1601; baseline 0.004 -17"><span class='ocrx_word' id='word_1_127' title='bbox 333 1553 414 1586; x_wconf 92' lang='lat' dir='ltr'>res</span> <span class='ocrx_word' id='word_1_128' title='bbox 445 1553 733 1601; x_wconf 90' lang='lat' dir='ltr'>permagna</span> <span class='ocrx_word' id='word_1_129' title='bbox 765 1537 952 1601; x_wconf 83' lang='lat' dir='ltr'>agitur.</span> <span class='ocrx_word' id='word_1_130' title='bbox 1028 1538 1196 1586; x_wconf 88' lang='lat' dir='ltr'>Multa</span> <span class='ocrx_word' id='word_1_131' title='bbox 1227 1537 1492 1595; x_wconf 86' lang='lat' dir='ltr'>scelerate,</span> <span class='ocrx_word' id='word_1_132' title='bbox 1527 1539 1698 1588; x_wconf 91' lang='lat' dir='ltr'>multa</span> <span class='ocrx_word' id='word_1_133' title='bbox 1731 1541 1891 1590; x_wconf 87' lang='lat' dir='ltr'>auda-</span> 
     </span>
     <span class='ocr_line' id='line_1_17' title="bbox 336 1619 1894 1686; baseline 0.004 -19"><span class='ocrx_word' id='word_1_134' title='bbox 336 1619 480 1678; x_wconf 87' lang='lat' dir='ltr'>citer,</span> <span class='ocrx_word' id='word_1_135' title='bbox 501 1620 671 1668; x_wconf 88' lang='lat' dir='ltr'>multa</span> <span class='ocrx_word' id='word_1_136' title='bbox 687 1619 924 1685; x_wconf 89' lang='lat' dir='ltr'>improbe</span> <span class='ocrx_word' id='word_1_137' title='bbox 942 1621 1125 1679; x_wconf 81' lang='lat' dir='ltr'>fecisti,</span> <span class='ocrx_word' id='word_1_138' title='bbox 1142 1635 1307 1669; x_wconf 92' lang='lat' dir='ltr'>unum</span> <span class='ocrx_word' id='word_1_139' title='bbox 1318 1620 1641 1679; x_wconf 89' lang='lat' dir='ltr'>stultissime,</span> <span class='ocrx_word' id='word_1_140' title='bbox 1655 1623 1894 1686; x_wconf 76' lang='lat' dir='ltr'>profecto</span> 
     </span>
     <span class='ocr_line' id='line_1_18' title="bbox 333 1703 1894 1769; baseline 0.004 -19"><span class='ocrx_word' id='word_1_141' title='bbox 333 1706 430 1751; x_wconf 88' lang='lat' dir='ltr'>tua</span> <span class='ocrx_word' id='word_1_142' title='bbox 450 1707 654 1767; x_wconf 86' lang='lat' dir='ltr'>sponte,</span> <span class='ocrx_word' id='word_1_143' title='bbox 678 1720 785 1752; x_wconf 91' lang='lat' dir='ltr'>non</span> <span class='ocrx_word' id='word_1_144' title='bbox 807 1704 871 1752; x_wconf 92' lang='lat' dir='ltr'>de</span> <span class='ocrx_word' id='word_1_145' title='bbox 892 1703 1051 1752; x_wconf 89' lang='lat' dir='ltr'>Eruci</span> <span class='ocrx_word' id='word_1_146' title='bbox 1072 1703 1335 1753; x_wconf 89' lang='lat' dir='ltr'>sententia</span> <span class='ocrx_word' id='word_1_147' title='bbox 1360 1719 1368 1751; x_wconf 87' lang='lat'><strong>:</strong></span> <span class='ocrx_word' id='word_1_148' title='bbox 1411 1703 1540 1753; x_wconf 88' lang='lat' dir='ltr'>nihil</span> <span class='ocrx_word' id='word_1_149' title='bbox 1561 1721 1693 1769; x_wconf 90' lang='lat' dir='ltr'>opus</span> <span class='ocrx_word' id='word_1_150' title='bbox 1714 1707 1816 1756; x_wconf 84' lang='lat' dir='ltr'>fuit</span> <span class='ocrx_word' id='word_1_151' title='bbox 1836 1712 1894 1757; x_wconf 85' lang='lat' dir='ltr'>te</span> 
     </span>
     <span class='ocr_line' id='line_1_19' title="bbox 333 1785 1892 1852; baseline 0.004 -19"><span class='ocrx_word' id='word_1_152' title='bbox 333 1785 452 1834; x_wconf 89' lang='lat' dir='ltr'>istic</span> <span class='ocrx_word' id='word_1_153' title='bbox 471 1786 648 1834; x_wconf 87' lang='lat' dir='ltr'>sedere</span> <span class='ocrx_word' id='word_1_154' title='bbox 673 1802 683 1845; x_wconf 89' lang='lat'>;</span> <span class='ocrx_word' id='word_1_155' title='bbox 724 1802 892 1850; x_wconf 88' lang='lat' dir='ltr'>neque</span> <span class='ocrx_word' id='word_1_156' title='bbox 914 1787 1052 1836; x_wconf 90' lang='lat' dir='ltr'>enim</span> <span class='ocrx_word' id='word_1_157' title='bbox 1073 1792 1376 1837; x_wconf 80' lang='lat' dir='ltr'>accusatore</span> <span class='ocrx_word' id='word_1_158' title='bbox 1394 1791 1545 1838; x_wconf 84' lang='lat' dir='ltr'>muto</span> <span class='ocrx_word' id='word_1_159' title='bbox 1564 1805 1734 1852; x_wconf 90' lang='lat' dir='ltr'>neque</span> <span class='ocrx_word' id='word_1_160' title='bbox 1754 1795 1892 1840; x_wconf 88' lang='lat' dir='ltr'>teste</span> 
     </span>
     <span class='ocr_line' id='line_1_20' title="bbox 331 1868 1886 1938; baseline 0.005 -22"><span class='ocrx_word' id='word_1_161' title='bbox 331 1868 614 1932; x_wconf 88' lang='lat' dir='ltr'>quisquam</span> <span class='ocrx_word' id='word_1_162' title='bbox 631 1870 801 1918; x_wconf 90' lang='lat' dir='ltr'>utitur</span> <span class='ocrx_word' id='word_1_163' title='bbox 818 1885 894 1926; x_wconf 92' lang='lat' dir='ltr'>e0,</span> <span class='ocrx_word' id='word_1_164' title='bbox 915 1870 1006 1935; x_wconf 89' lang='lat' dir='ltr'>qui</span> <span class='ocrx_word' id='word_1_165' title='bbox 1024 1869 1088 1920; x_wconf 90' lang='lat' dir='ltr'>de</span> <span class='ocrx_word' id='word_1_166' title='bbox 1106 1871 1424 1920; x_wconf 89' lang='lat' dir='ltr'>accusatoris</span> <span class='ocrx_word' id='word_1_167' title='bbox 1442 1872 1685 1921; x_wconf 92' lang='lat' dir='ltr'>subsellio</span> <span class='ocrx_word' id='word_1_168' title='bbox 1704 1874 1886 1938; x_wconf 83' lang='lat' dir='ltr'>surgit.</span> 
     </span>
     <span class='ocr_line' id='line_1_21' title="bbox 332 1951 1890 2019; baseline 0.004 -19"><span class='ocrx_word' id='word_1_169' title='bbox 332 1952 455 2001; x_wconf 91' lang='lat' dir='ltr'>Huc</span> <span class='ocrx_word' id='word_1_170' title='bbox 474 1951 692 2010; x_wconf 89' lang='lat' dir='ltr'>accedit,</span> <span class='ocrx_word' id='word_1_171' title='bbox 714 1953 857 2017; x_wconf 91' lang='lat' dir='ltr'>quod</span> <span class='ocrx_word' id='word_1_172' title='bbox 874 1954 1032 2017; x_wconf 86' lang='lat' dir='ltr'>paulo</span> <span class='ocrx_word' id='word_1_173' title='bbox 1051 1960 1232 2004; x_wconf 88' lang='lat' dir='ltr'>tamen</span> <span class='ocrx_word' id='word_1_174' title='bbox 1250 1953 1502 2002; x_wconf 90' lang='lat' dir='ltr'>occultior</span> <span class='ocrx_word' id='word_1_175' title='bbox 1521 1959 1683 2019; x_wconf 90' lang='lat' dir='ltr'>atque</span> <span class='ocrx_word' id='word_1_176' title='bbox 1699 1957 1890 2006; x_wconf 88' lang='lat' dir='ltr'>tectior</span> 
     </span>
     <span class='ocr_line' id='line_1_22' title="bbox 335 2035 1888 2104; baseline 0.005 -22"><span class='ocrx_word' id='word_1_177' title='bbox 335 2039 515 2083; x_wconf 88' lang='lat' dir='ltr'>vestra</span> <span class='ocrx_word' id='word_1_178' title='bbox 531 2035 635 2083; x_wconf 86' lang='lat' dir='ltr'>ista</span> <span class='ocrx_word' id='word_1_179' title='bbox 652 2036 914 2101; x_wconf 89' lang='lat' dir='ltr'>cupiditas</span> <span class='ocrx_word' id='word_1_180' title='bbox 932 2043 1081 2088; x_wconf 87' lang='lat' dir='ltr'>esset.</span> <span class='ocrx_word' id='word_1_181' title='bbox 1154 2037 1309 2084; x_wconf 87' lang='lat' dir='ltr'>Nunc</span> <span class='ocrx_word' id='word_1_182' title='bbox 1328 2036 1456 2100; x_wconf 89' lang='lat' dir='ltr'>quid</span> <span class='ocrx_word' id='word_1_183' title='bbox 1474 2044 1568 2096; x_wconf 93' lang='lat' dir='ltr'>est,</span> <span class='ocrx_word' id='word_1_184' title='bbox 1589 2040 1733 2102; x_wconf 93' lang='lat' dir='ltr'>quod</span> <span class='ocrx_word' id='word_1_185' title='bbox 1750 2040 1888 2104; x_wconf 90' lang='lat' dir='ltr'>quis-</span> 
     </span>
     <span class='ocr_line' id='line_1_23' title="bbox 333 2119 1885 2185; baseline 0.006 -20"><span class='ocrx_word' id='word_1_186' title='bbox 333 2133 495 2181; x_wconf 90' lang='lat' dir='ltr'>quam</span> <span class='ocrx_word' id='word_1_187' title='bbox 532 2134 597 2167; x_wconf 86' lang='lat' dir='ltr'>ex</span> <span class='ocrx_word' id='word_1_188' title='bbox 632 2119 783 2169; x_wconf 82' lang='lat' dir='ltr'>vobis</span> <span class='ocrx_word' id='word_1_189' title='bbox 821 2121 999 2169; x_wconf 90' lang='lat' dir='ltr'>audire</span> <span class='ocrx_word' id='word_1_190' title='bbox 1036 2120 1309 2177; x_wconf 83' lang='lat' dir='ltr'>desideret,</span> <span class='ocrx_word' id='word_1_191' title='bbox 1349 2136 1485 2180; x_wconf 89' lang='lat' dir='ltr'>cum,</span> <span class='ocrx_word' id='word_1_192' title='bbox 1525 2138 1662 2185; x_wconf 90' lang='lat' dir='ltr'>quae</span> <span class='ocrx_word' id='word_1_193' title='bbox 1697 2121 1885 2183; x_wconf 77' lang='lat' dir='ltr'>facitis,</span> 
     </span>
     <span class='ocr_line' id='line_1_24' title="bbox 329 2200 1886 2268; baseline 0.006 -21"><span class='ocrx_word' id='word_1_194' title='bbox 329 2200 440 2248; x_wconf 83' lang='lat' dir='ltr'>eius</span> <span class='ocrx_word' id='word_1_195' title='bbox 477 2200 622 2249; x_wconf 93' lang='lat' dir='ltr'>modi</span> <span class='ocrx_word' id='word_1_196' title='bbox 661 2203 782 2259; x_wconf 89' lang='lat' dir='ltr'>sint,</span> <span class='ocrx_word' id='word_1_197' title='bbox 824 2206 884 2250; x_wconf 87' lang='lat' dir='ltr'>ut</span> <span class='ocrx_word' id='word_1_198' title='bbox 924 2219 986 2251; x_wconf 92' lang='lat' dir='ltr'>ea</span> <span class='ocrx_word' id='word_1_199' title='bbox 1024 2202 1205 2253; x_wconf 89' lang='lat' dir='ltr'>dedita</span> <span class='ocrx_word' id='word_1_200' title='bbox 1243 2219 1402 2268; x_wconf 91' lang='lat' dir='ltr'>opera</span> <span class='ocrx_word' id='word_1_201' title='bbox 1441 2220 1472 2252; x_wconf 95' lang='lat' dir='ltr'>a</span> <span class='ocrx_word' id='word_1_202' title='bbox 1510 2206 1661 2255; x_wconf 90' lang='lat' dir='ltr'>nobis</span> <span class='ocrx_word' id='word_1_203' title='bbox 1700 2211 1886 2256; x_wconf 91' lang='lat' dir='ltr'>contra</span> 
     </span>
     <span class='ocr_line' id='line_1_25' title="bbox 329 2283 1260 2348; baseline 0.002 -16"><span class='ocrx_word' id='word_1_204' title='bbox 329 2288 536 2333; x_wconf 87' lang='lat' dir='ltr'>vosmet</span> <span class='ocrx_word' id='word_1_205' title='bbox 564 2283 704 2348; x_wconf 88' lang='lat' dir='ltr'>ipsos</span> <span class='ocrx_word' id='word_1_206' title='bbox 733 2285 903 2335; x_wconf 77' lang='lat' dir='ltr'>facere</span> <span class='ocrx_word' id='word_1_207' title='bbox 933 2285 1219 2336; x_wconf 78' lang='lat' dir='ltr'>videamini</span> <span class='ocrx_word' id='word_1_208' title='bbox 1242 2286 1260 2334; x_wconf 69' lang='grc' dir='ltr'><em>Ρ</em></span> 
     </span>
    </p>

    <p class='ocr_par' dir='ltr' id='par_1_4' title="bbox 325 2367 2021 3018">
     <span class='ocr_line' id='line_1_26' title="bbox 397 2367 2021 2437; baseline 0.009 -23"><span class='ocrx_word' id='word_1_209' title='bbox 397 2367 684 2418; x_wconf 90' lang='lat' dir='ltr'>XXXVII.</span> <span class='ocrx_word' id='word_1_210' title='bbox 723 2369 834 2433; x_wconf 89' lang='lat' dir='ltr'>Age</span> <span class='ocrx_word' id='word_1_211' title='bbox 869 2385 1008 2418; x_wconf 89' lang='lat' dir='ltr'>nunc</span> <span class='ocrx_word' id='word_1_212' title='bbox 1044 2370 1132 2418; x_wconf 91' lang='lat' dir='ltr'>illa</span> <span class='ocrx_word' id='word_1_213' title='bbox 1169 2370 1460 2427; x_wconf 80' lang='lat' dir='ltr'>videamus,</span> <span class='ocrx_word' id='word_1_214' title='bbox 1499 2371 1711 2430; x_wconf 91' lang='lat' dir='ltr'>iudices,</span> <span class='ocrx_word' id='word_1_215' title='bbox 1751 2389 1887 2437; x_wconf 89' lang='lat' dir='ltr'>quae</span> <span class='ocrx_word' id='word_1_216' title='bbox 1922 2376 2021 2428; x_wconf 75' lang='lat'>105</span> 
     </span>
     <span class='ocr_line' id='line_1_27' title="bbox 333 2449 1884 2514; baseline 0.006 -17"><span class='ocrx_word' id='word_1_217' title='bbox 333 2449 517 2498; x_wconf 88' lang='lat' dir='ltr'>statim</span> <span class='ocrx_word' id='word_1_218' title='bbox 556 2455 838 2501; x_wconf 87' lang='lat' dir='ltr'>consecuta</span> <span class='ocrx_word' id='word_1_219' title='bbox 862 2457 1000 2502; x_wconf 90' lang='lat' dir='ltr'>sunt.</span> <span class='ocrx_word' id='word_1_220' title='bbox 1063 2452 1148 2502; x_wconf 90' lang='lat' dir='ltr'>Ad</span> <span class='ocrx_word' id='word_1_221' title='bbox 1186 2452 1577 2514; x_wconf 84' lang='lat' dir='ltr'>Volaterrasin</span> <span class='ocrx_word' id='word_1_222' title='bbox 1615 2459 1789 2505; x_wconf 82' lang='lat' dir='ltr'>castra</span> <span class='ocrx_word' id='word_1_223' title='bbox 1826 2459 1884 2508; x_wconf 88' lang='lat' dir='ltr'>L.</span> 
     </span>
     <span class='ocr_line' id='line_1_28' title="bbox 330 2531 1886 2600; baseline 0.006 -19"><span class='ocrx_word' id='word_1_224' title='bbox 330 2531 504 2582; x_wconf 84' lang='lat' dir='ltr'>Sullae</span> <span class='ocrx_word' id='word_1_225' title='bbox 523 2531 669 2583; x_wconf 38' lang='lat' dir='ltr'>*mors</span> <span class='ocrx_word' id='word_1_226' title='bbox 696 2535 811 2583; x_wconf 84' lang='lat' dir='ltr'>Sex.</span> <span class='ocrx_word' id='word_1_227' title='bbox 842 2535 999 2585; x_wconf 90' lang='lat' dir='ltr'>Rosci</span> <span class='ocrx_word' id='word_1_228' title='bbox 1025 2535 1336 2600; x_wconf 86' lang='lat' dir='ltr'>quadriduO,</span> <span class='ocrx_word' id='word_1_229' title='bbox 1365 2552 1470 2600; x_wconf 91' lang='lat' dir='ltr'>quo</span> <span class='ocrx_word' id='word_1_230' title='bbox 1496 2537 1539 2585; x_wconf 91' lang='lat' dir='ltr'>is</span> <span class='ocrx_word' id='word_1_231' title='bbox 1565 2538 1764 2588; x_wconf 88' lang='lat' dir='ltr'>occisus</span> <span class='ocrx_word' id='word_1_232' title='bbox 1789 2545 1886 2600; x_wconf 91' lang='lat' dir='ltr'>est,</span> 
     </span>
     <span class='ocr_line' id='line_1_29' title="bbox 331 2614 1887 2685; baseline 0.006 -22"><span class='ocrx_word' id='word_1_233' title='bbox 331 2614 667 2680; x_wconf 87' lang='lat' dir='ltr'>Chrysogono</span> <span class='ocrx_word' id='word_1_234' title='bbox 701 2619 993 2667; x_wconf 89' lang='lat' dir='ltr'>nuntiatur.</span> <span class='ocrx_word' id='word_1_235' title='bbox 1043 2619 1348 2682; x_wconf 70' lang='lat' dir='ltr'>,Quaeritur</span> <span class='ocrx_word' id='word_1_236' title='bbox 1382 2621 1542 2670; x_wconf 87' lang='lat' dir='ltr'>etiam</span> <span class='ocrx_word' id='word_1_237' title='bbox 1576 2638 1733 2679; x_wconf 85' lang='lat' dir='ltr'>nune,</span> <span class='ocrx_word' id='word_1_238' title='bbox 1769 2624 1887 2685; x_wconf 90' lang='lat' dir='ltr'>quis</span> 
     </span>
     <span class='ocr_line' id='line_1_30' title="bbox 331 2700 1898 2768; baseline 0.006 -22"><span class='ocrx_word' id='word_1_239' title='bbox 331 2713 452 2746; x_wconf 88' lang='lat' dir='ltr'>eum</span> <span class='ocrx_word' id='word_1_240' title='bbox 470 2700 716 2749; x_wconf 85' lang='lat' dir='ltr'>nuntium</span> <span class='ocrx_word' id='word_1_241' title='bbox 734 2700 934 2750; x_wconf 72' lang='lat' dir='ltr'>miserft</span> <span class='ocrx_word' id='word_1_242' title='bbox 957 2702 976 2750; x_wconf 72' lang='grc' dir='ltr'><em>Ρ</em></span> <span class='ocrx_word' id='word_1_243' title='bbox 1018 2718 1191 2751; x_wconf 90' lang='lat' dir='ltr'>nonne</span> <span class='ocrx_word' id='word_1_244' title='bbox 1208 2702 1541 2768; x_wconf 89' lang='lat' dir='ltr'>perspicuum</span> <span class='ocrx_word' id='word_1_245' title='bbox 1559 2710 1638 2754; x_wconf 90' lang='lat' dir='ltr'>est</span> <span class='ocrx_word' id='word_1_246' title='bbox 1657 2706 1898 2765; x_wconf 89' lang='lat' dir='ltr'>eundern,</span> 
     </span>
     <span class='ocr_line' id='line_1_31' title="bbox 329 2780 1885 2850; baseline 0.006 -22"><span class='ocrx_word' id='word_1_247' title='bbox 329 2780 421 2844; x_wconf 91' lang='lat' dir='ltr'>qui</span> <span class='ocrx_word' id='word_1_248' title='bbox 467 2782 734 2834; x_wconf 88' lang='lat' dir='ltr'>Ameriam</span> <span class='ocrx_word' id='word_1_249' title='bbox 758 2785 775 2831; x_wconf 67' lang='grc' dir='ltr'><em>Ρ</em></span> <span class='ocrx_word' id='word_1_250' title='bbox 837 2785 999 2833; x_wconf 87' lang='lat' dir='ltr'>Curat</span> <span class='ocrx_word' id='word_1_251' title='bbox 1048 2785 1430 2850; x_wconf 84' lang='lat' dir='ltr'>Chrysogonus,</span> <span class='ocrx_word' id='word_1_252' title='bbox 1480 2792 1541 2836; x_wconf 94' lang='lat' dir='ltr'>ut</span> <span class='ocrx_word' id='word_1_253' title='bbox 1589 2788 1698 2836; x_wconf 88' lang='lat' dir='ltr'>eius</span> <span class='ocrx_word' id='word_1_254' title='bbox 1743 2789 1885 2838; x_wconf 89' lang='lat' dir='ltr'>bona</span> 
     </span>
     <span class='ocr_line' id='line_1_32' title="bbox 327 2865 1879 2931; baseline 0.006 -19"><span class='ocrx_word' id='word_1_255' title='bbox 327 2871 558 2914; x_wconf 85' lang='lat' dir='ltr'>veneant</span> <span class='ocrx_word' id='word_1_256' title='bbox 594 2865 813 2924; x_wconf 89' lang='lat' dir='ltr'>statim;</span> <span class='ocrx_word' id='word_1_257' title='bbox 870 2868 960 2931; x_wconf 88' lang='lat' dir='ltr'>qui</span> <span class='ocrx_word' id='word_1_258' title='bbox 995 2884 1101 2917; x_wconf 92' lang='lat' dir='ltr'>non</span> <span class='ocrx_word' id='word_1_259' title='bbox 1137 2874 1290 2917; x_wconf 83' lang='lat' dir='ltr'>norat</span> <span class='ocrx_word' id='word_1_260' title='bbox 1327 2870 1592 2920; x_wconf 91' lang='lat' dir='ltr'>hominem</span> <span class='ocrx_word' id='word_1_261' title='bbox 1628 2876 1721 2919; x_wconf 90' lang='lat' dir='ltr'>aut</span> <span class='ocrx_word' id='word_1_262' title='bbox 1756 2887 1879 2921; x_wconf 90' lang='lat' dir='ltr'>rem.</span> 
     </span>
     <span class='ocr_line' id='line_1_33' title="bbox 325 2946 1887 3018; baseline 0.006 -24"><span class='ocrx_word' id='word_1_263' title='bbox 325 2946 397 2995; x_wconf 94' lang='lat' dir='ltr'>At</span> <span class='ocrx_word' id='word_1_264' title='bbox 417 2948 508 3011; x_wconf 90' lang='lat' dir='ltr'>qui</span> <span class='ocrx_word' id='word_1_265' title='bbox 525 2949 571 2997; x_wconf 92' lang='lat' dir='ltr'>ei</span> <span class='ocrx_word' id='word_1_266' title='bbox 587 2950 734 2999; x_wconf 89' lang='lat' dir='ltr'>venit</span> <span class='ocrx_word' id='word_1_267' title='bbox 753 2950 806 2998; x_wconf 91' lang='lat' dir='ltr'>in</span> <span class='ocrx_word' id='word_1_268' title='bbox 818 2955 1049 3000; x_wconf 90' lang='lat' dir='ltr'>mentem</span> <span class='ocrx_word' id='word_1_269' title='bbox 1061 2952 1276 3015; x_wconf 89' lang='lat' dir='ltr'>praedia</span> <span class='ocrx_word' id='word_1_270' title='bbox 1286 2953 1648 3018; x_wconf 89' lang='lat' dir='ltr'>concupiscere</span> <span class='ocrx_word' id='word_1_271' title='bbox 1660 2954 1887 3004; x_wconf 91' lang='lat' dir='ltr'>hominis</span> 
     </span>
    </p>
   </div>
  </div>
 </body>
</html>
