<?xml version="1.0" encoding="UTF-8"?>
<!DOCTYPE html PUBLIC "-//W3C//DTD XHTML 1.0 Transitional//EN"
    "http://www.w3.org/TR/xhtml1/DTD/xhtml1-transitional.dtd">
<html xmlns="http://www.w3.org/1999/xhtml" xml:lang="en" lang="en">
 <head>
  <title>
</title>
<meta http-equiv="Content-Type" content="text/html;charset=utf-8" />
  <meta name='ocr-system' content='tesseract 3.04.00' />
  <meta name='ocr-capabilities' content='ocr_page ocr_carea ocr_par ocr_line ocrx_word'/>
</head>
<body>
  <div class='ocr_page' id='page_1' title='image "./proroscioamerino00ciceuoft/proroscioamerino00ciceuoft_0032.png"; bbox 0 0 2216 3288; ppageno 0'>
   <div class='ocr_carea' id='block_1_1' title="bbox 234 777 294 826">
    <p class='ocr_par' dir='ltr' id='par_1_1' title="bbox 234 777 294 826">
     <span class='ocr_line' id='line_1_1' title="bbox 234 777 294 826; baseline 0 0"><span class='ocrx_word' id='word_1_1' title='bbox 234 777 294 826; x_wconf 82' lang='grc'>31</span> 
     </span>
    </p>
   </div>
   <div class='ocr_carea' id='block_1_2' title="bbox 234 1443 302 1493">
    <p class='ocr_par' dir='ltr' id='par_1_2' title="bbox 234 1443 302 1493">
     <span class='ocr_line' id='line_1_2' title="bbox 234 1443 302 1493; baseline -0.015 0"><span class='ocrx_word' id='word_1_2' title='bbox 234 1443 302 1493; x_wconf 82' lang='grc'>32</span> 
     </span>
    </p>
   </div>
   <div class='ocr_carea' id='block_1_3' title="bbox 233 2112 301 2162">
    <p class='ocr_par' dir='ltr' id='par_1_3' title="bbox 233 2112 301 2162">
     <span class='ocr_line' id='line_1_3' title="bbox 233 2112 301 2162; baseline -0.015 0"><span class='ocrx_word' id='word_1_3' title='bbox 233 2112 301 2162; x_wconf 83' lang='grc'>33</span> 
     </span>
    </p>
   </div>
   <div class='ocr_carea' id='block_1_4' title="bbox 346 400 1468 452">
    <p class='ocr_par' dir='ltr' id='par_1_4' title="bbox 346 400 1468 452">
     <span class='ocr_line' id='line_1_4' title="bbox 346 400 1468 452; baseline -0.002 0"><span class='ocrx_word' id='word_1_4' title='bbox 346 405 408 452; x_wconf 92' lang='grc'>12</span> <span class='ocrx_word' id='word_1_5' title='bbox 805 400 947 450; x_wconf 89' lang='lat' dir='ltr'>PRO</span> <span class='ocrx_word' id='word_1_6' title='bbox 997 400 1150 452; x_wconf 84' lang='lat' dir='ltr'><strong>SEX.</strong></span> <span class='ocrx_word' id='word_1_7' title='bbox 1204 400 1468 452; x_wconf 84' lang='lat' dir='ltr'>ROSCIO·</span> 
     </span>
    </p>
   </div>
   <div class='ocr_carea' id='block_1_5' title="bbox 338 521 1918 3092">
    <p class='ocr_par' dir='ltr' id='par_1_5' title="bbox 338 521 1918 3092">
     <span class='ocr_line' id='line_1_5' title="bbox 341 521 1912 586; baseline 0 -14"><span class='ocrx_word' id='word_1_8' title='bbox 341 523 596 573; x_wconf 91' lang='lat' dir='ltr'>amittere.</span> <span class='ocrx_word' id='word_1_9' title='bbox 679 525 938 573; x_wconf 90' lang='lat' dir='ltr'>Patronos</span> <span class='ocrx_word' id='word_1_10' title='bbox 1014 521 1134 577; x_wconf 88' lang='lat' dir='ltr'>huic</span> <span class='ocrx_word' id='word_1_11' title='bbox 1203 522 1477 572; x_wconf 83' lang='lat' dir='ltr'>defuturos</span> <span class='ocrx_word' id='word_1_12' title='bbox 1554 525 1912 586; x_wconf 85' lang='lat' dir='ltr'>putaverunt;</span> 
     </span>
     <span class='ocr_line' id='line_1_6' title="bbox 340 604 1916 671; baseline -0.001 -15"><span class='ocrx_word' id='word_1_13' title='bbox 340 607 564 667; x_wconf 88' lang='lat' dir='ltr'>desunt;</span> <span class='ocrx_word' id='word_1_14' title='bbox 617 606 709 671; x_wconf 91' lang='lat' dir='ltr'>qui</span> <span class='ocrx_word' id='word_1_15' title='bbox 748 606 909 656; x_wconf 88' lang='lat' dir='ltr'>libere</span> <span class='ocrx_word' id='word_1_16' title='bbox 949 604 1108 663; x_wconf 90' lang='lat' dir='ltr'>dicat,</span> <span class='ocrx_word' id='word_1_17' title='bbox 1143 605 1235 670; x_wconf 91' lang='lat' dir='ltr'>qui</span> <span class='ocrx_word' id='word_1_18' title='bbox 1266 621 1386 655; x_wconf 91' lang='lat' dir='ltr'>cum</span> <span class='ocrx_word' id='word_1_19' title='bbox 1426 605 1529 655; x_wconf 91' lang='lat' dir='ltr'>fide</span> <span class='ocrx_word' id='word_1_20' title='bbox 1559 605 1826 664; x_wconf 83' lang='lat' dir='ltr'>defendat,</span> <span class='ocrx_word' id='word_1_21' title='bbox 1859 605 1916 654; x_wconf 90' lang='lat' dir='ltr'>id</span> 
     </span>
     <span class='ocr_line' id='line_1_7' title="bbox 340 688 1912 755; baseline -0.001 -15"><span class='ocrx_word' id='word_1_22' title='bbox 340 691 483 755; x_wconf 89' lang='lat' dir='ltr'>quod</span> <span class='ocrx_word' id='word_1_23' title='bbox 526 691 580 740; x_wconf 92' lang='lat' dir='ltr'>in</span> <span class='ocrx_word' id='word_1_24' title='bbox 634 691 733 739; x_wconf 90' lang='lat' dir='ltr'>hac</span> <span class='ocrx_word' id='word_1_25' title='bbox 777 705 936 738; x_wconf 89' lang='lat' dir='ltr'>causa</span> <span class='ocrx_word' id='word_1_26' title='bbox 989 688 1119 739; x_wconf 89' lang='lat' dir='ltr'>satis</span> <span class='ocrx_word' id='word_1_27' title='bbox 1163 692 1259 747; x_wconf 90' lang='lat' dir='ltr'>est,</span> <span class='ocrx_word' id='word_1_28' title='bbox 1306 705 1413 739; x_wconf 92' lang='lat' dir='ltr'>non</span> <span class='ocrx_word' id='word_1_29' title='bbox 1466 689 1616 739; x_wconf 81' lang='lat' dir='ltr'>deest</span> <span class='ocrx_word' id='word_1_30' title='bbox 1659 689 1912 754; x_wconf 86' lang='lat' dir='ltr'>profect0‚</span> 
     </span>
     <span class='ocr_line' id='line_1_8' title="bbox 339 772 1916 837; baseline 0 -15"><span class='ocrx_word' id='word_1_31' title='bbox 339 773 547 824; x_wconf 78' lang='lat' dir='ltr'>iudices</span> <span class='ocrx_word' id='word_1_32' title='bbox 621 774 693 822; x_wconf 88' lang='lat' dir='ltr'>Et</span> <span class='ocrx_word' id='word_1_33' title='bbox 750 772 972 822; x_wconf 78' lang='lat' dir='ltr'>forsitan</span> <span class='ocrx_word' id='word_1_34' title='bbox 1027 772 1081 821; x_wconf 89' lang='lat' dir='ltr'>in</span> <span class='ocrx_word' id='word_1_35' title='bbox 1128 773 1458 837; x_wconf 89' lang='lat' dir='ltr'>suscipienda</span> <span class='ocrx_word' id='word_1_36' title='bbox 1514 788 1674 822; x_wconf 89' lang='lat' dir='ltr'>causa</span> <span class='ocrx_word' id='word_1_37' title='bbox 1718 778 1916 823; x_wconf 88' lang='lat' dir='ltr'>temere</span> 
     </span>
     <span class='ocr_line' id='line_1_9' title="bbox 339 855 1918 921; baseline -0.001 -15"><span class='ocrx_word' id='word_1_38' title='bbox 339 857 593 921; x_wconf 88' lang='lat' dir='ltr'>impulsus</span> <span class='ocrx_word' id='word_1_39' title='bbox 611 856 965 907; x_wconf 81' lang='lat' dir='ltr'>adulescentia</span> <span class='ocrx_word' id='word_1_40' title='bbox 988 855 1214 915; x_wconf 81' lang='lat' dir='ltr'>fecerim;</span> <span class='ocrx_word' id='word_1_41' title='bbox 1244 855 1495 920; x_wconf 88' lang='lat' dir='ltr'>quoniam</span> <span class='ocrx_word' id='word_1_42' title='bbox 1520 855 1733 921; x_wconf 89' lang='lat' dir='ltr'>quidem</span> <span class='ocrx_word' id='word_1_43' title='bbox 1757 856 1918 906; x_wconf 91' lang='lat' dir='ltr'>semel</span> 
     </span>
     <span class='ocr_line' id='line_1_10' title="bbox 340 939 1915 1005; baseline 0 -16"><span class='ocrx_word' id='word_1_44' title='bbox 340 940 555 1005; x_wconf 86' lang='lat' dir='ltr'>suscepi,</span> <span class='ocrx_word' id='word_1_45' title='bbox 618 940 739 990; x_wconf 91' lang='lat' dir='ltr'>licet</span> <span class='ocrx_word' id='word_1_46' title='bbox 789 940 1023 989; x_wconf 91' lang='lat' dir='ltr'>hercules</span> <span class='ocrx_word' id='word_1_47' title='bbox 1081 939 1314 1004; x_wconf 88' lang='lat' dir='ltr'>undique</span> <span class='ocrx_word' id='word_1_48' title='bbox 1365 955 1545 989; x_wconf 90' lang='lat' dir='ltr'>omnes</span> <span class='ocrx_word' id='word_1_49' title='bbox 1603 939 1915 990; x_wconf 81' lang='lat' dir='ltr'>immineant</span> 
     </span>
     <span class='ocr_line' id='line_1_11' title="bbox 340 1023 1915 1095; baseline -0.001 -22"><span class='ocrx_word' id='word_1_50' title='bbox 340 1030 575 1074; x_wconf 88' lang='lat' dir='ltr'>terrores-</span> <span class='ocrx_word' id='word_1_51' title='bbox 608 1024 941 1088; x_wconf 90' lang='lat' dir='ltr'>periculaque</span> <span class='ocrx_word' id='word_1_52' title='bbox 989 1023 1330 1088; x_wconf 88' lang='lat' dir='ltr'>impendeant</span> <span class='ocrx_word' id='word_1_53' title='bbox 1370 1023 1562 1082; x_wconf 89' lang='lat' dir='ltr'>omnia,</span> <span class='ocrx_word' id='word_1_54' title='bbox 1615 1039 1915 1095; x_wconf 78' lang='lat' dir='ltr'>succurram</span> 
     </span>
     <span class='ocr_line' id='line_1_12' title="bbox 340 1107 1915 1172; baseline 0 -16"><span class='ocrx_word' id='word_1_55' title='bbox 340 1113 500 1172; x_wconf 89' lang='lat' dir='ltr'>atque</span> <span class='ocrx_word' id='word_1_56' title='bbox 529 1107 731 1157; x_wconf 76' lang='lat' dir='ltr'>subibo</span> <span class='ocrx_word' id='word_1_57' title='bbox 815 1107 1027 1156; x_wconf 87' lang='lat' dir='ltr'>Certum</span> <span class='ocrx_word' id='word_1_58' title='bbox 1056 1112 1135 1157; x_wconf 87' lang='lat' dir='ltr'>est</span> <span class='ocrx_word' id='word_1_59' title='bbox 1173 1107 1639 1171; x_wconf 89' lang='lat' dir='ltr'>deliberatumque,</span> <span class='ocrx_word' id='word_1_60' title='bbox 1680 1124 1817 1172; x_wconf 82' lang='lat' dir='ltr'>quae</span> <span class='ocrx_word' id='word_1_61' title='bbox 1845 1107 1915 1156; x_wconf 91' lang='lat' dir='ltr'>ad</span> 
     </span>
     <span class='ocr_line' id='line_1_13' title="bbox 340 1190 1910 1256; baseline 0 -16"><span class='ocrx_word' id='word_1_62' title='bbox 340 1207 551 1240; x_wconf 88' lang='lat' dir='ltr'>causam</span> <span class='ocrx_word' id='word_1_63' title='bbox 586 1191 844 1256; x_wconf 91' lang='lat' dir='ltr'>pertinere</span> <span class='ocrx_word' id='word_1_64' title='bbox 887 1190 1125 1248; x_wconf 87' lang='lat' dir='ltr'>arbitror,</span> <span class='ocrx_word' id='word_1_65' title='bbox 1174 1192 1351 1240; x_wconf 90' lang='lat' dir='ltr'>omnia</span> <span class='ocrx_word' id='word_1_66' title='bbox 1383 1206 1490 1241; x_wconf 93' lang='lat' dir='ltr'>non</span> <span class='ocrx_word' id='word_1_67' title='bbox 1532 1191 1691 1240; x_wconf 92' lang='lat' dir='ltr'>modo</span> <span class='ocrx_word' id='word_1_68' title='bbox 1725 1191 1910 1250; x_wconf 88' lang='lat' dir='ltr'>dicere,</span> 
     </span>
     <span class='ocr_line' id='line_1_14' title="bbox 338 1274 1910 1339; baseline 0.001 -16"><span class='ocrx_word' id='word_1_69' title='bbox 338 1291 522 1323; x_wconf 85' lang='lat' dir='ltr'>verum</span> <span class='ocrx_word' id='word_1_70' title='bbox 572 1274 731 1324; x_wconf 89' lang='lat' dir='ltr'>etiam</span> <span class='ocrx_word' id='word_1_71' title='bbox 790 1275 1025 1332; x_wconf 86' lang='lat' dir='ltr'>libenter,</span> <span class='ocrx_word' id='word_1_72' title='bbox 1080 1275 1331 1323; x_wconf 85' lang='lat' dir='ltr'>audacter</span> <span class='ocrx_word' id='word_1_73' title='bbox 1386 1274 1651 1339; x_wconf 90' lang='lat' dir='ltr'>libereque</span> <span class='ocrx_word' id='word_1_74' title='bbox 1707 1274 1910 1333; x_wconf 87' lang='lat' dir='ltr'>dicere;</span> 
     </span>
     <span class='ocr_line' id='line_1_15' title="bbox 339 1357 1912 1423; baseline 0 -16"><span class='ocrx_word' id='word_1_75' title='bbox 339 1359 482 1407; x_wconf 91' lang='lat' dir='ltr'>nulla</span> <span class='ocrx_word' id='word_1_76' title='bbox 513 1375 592 1407; x_wconf 90' lang='lat' dir='ltr'>res</span> <span class='ocrx_word' id='word_1_77' title='bbox 625 1363 779 1407; x_wconf 88' lang='lat' dir='ltr'>tanta</span> <span class='ocrx_word' id='word_1_78' title='bbox 821 1358 1051 1415; x_wconf 82' lang='lat' dir='ltr'>exsistet,</span> <span class='ocrx_word' id='word_1_79' title='bbox 1087 1358 1297 1415; x_wconf 76' lang='lat' dir='ltr'>iudiceS,</span> <span class='ocrx_word' id='word_1_80' title='bbox 1342 1362 1402 1406; x_wconf 92' lang='lat' dir='ltr'>ut</span> <span class='ocrx_word' id='word_1_81' title='bbox 1434 1358 1601 1423; x_wconf 88' lang='lat' dir='ltr'>possit</span> <span class='ocrx_word' id='word_1_82' title='bbox 1641 1358 1751 1407; x_wconf 84' lang='lat' dir='ltr'>vim</span> <span class='ocrx_word' id='word_1_83' title='bbox 1783 1357 1912 1407; x_wconf 91' lang='lat' dir='ltr'>mihi</span> 
     </span>
     <span class='ocr_line' id='line_1_16' title="bbox 338 1441 1914 1506; baseline 0 -16"><span class='ocrx_word' id='word_1_84' title='bbox 338 1442 588 1492; x_wconf 85' lang='lat' dir='ltr'>maiorem</span> <span class='ocrx_word' id='word_1_85' title='bbox 623 1442 869 1491; x_wconf 88' lang='lat' dir='ltr'>adhibere</span> <span class='ocrx_word' id='word_1_86' title='bbox 911 1445 1084 1490; x_wconf 88' lang='lat' dir='ltr'>metus</span> <span class='ocrx_word' id='word_1_87' title='bbox 1128 1458 1289 1505; x_wconf 91' lang='lat' dir='ltr'>quam</span> <span class='ocrx_word' id='word_1_88' title='bbox 1325 1442 1465 1491; x_wconf 89' lang='lat' dir='ltr'>fides.</span> <span class='ocrx_word' id='word_1_89' title='bbox 1549 1441 1762 1491; x_wconf 89' lang='lat' dir='ltr'>Etenim</span> <span class='ocrx_word' id='word_1_90' title='bbox 1796 1441 1914 1506; x_wconf 88' lang='lat' dir='ltr'>quis</span> 
     </span>
     <span class='ocr_line' id='line_1_17' title="bbox 339 1525 1914 1589; baseline 0.001 -16"><span class='ocrx_word' id='word_1_91' title='bbox 339 1530 451 1574; x_wconf 86' lang='lat' dir='ltr'>tam</span> <span class='ocrx_word' id='word_1_92' title='bbox 476 1525 728 1574; x_wconf 90' lang='lat' dir='ltr'>dissoluto</span> <span class='ocrx_word' id='word_1_93' title='bbox 763 1525 936 1574; x_wconf 90' lang='lat' dir='ltr'>animo</span> <span class='ocrx_word' id='word_1_94' title='bbox 963 1529 1056 1583; x_wconf 86' lang='lat' dir='ltr'>est,</span> <span class='ocrx_word' id='word_1_95' title='bbox 1085 1525 1176 1589; x_wconf 90' lang='lat' dir='ltr'>qui</span> <span class='ocrx_word' id='word_1_96' title='bbox 1209 1526 1335 1574; x_wconf 91' lang='lat' dir='ltr'>haec</span> <span class='ocrx_word' id='word_1_97' title='bbox 1362 1541 1482 1574; x_wconf 93' lang='lat' dir='ltr'>cum</span> <span class='ocrx_word' id='word_1_98' title='bbox 1505 1525 1700 1584; x_wconf 84' lang='lat' dir='ltr'>videat,</span> <span class='ocrx_word' id='word_1_99' title='bbox 1739 1530 1914 1575; x_wconf 89' lang='lat' dir='ltr'>tacere</span> 
     </span>
     <span class='ocr_line' id='line_1_18' title="bbox 339 1605 1913 1674; baseline 0.001 -16"><span class='ocrx_word' id='word_1_100' title='bbox 339 1625 399 1658; x_wconf 91' lang='lat' dir='ltr'>ac</span> <span class='ocrx_word' id='word_1_101' title='bbox 418 1610 681 1674; x_wconf 84' lang='lat' dir='ltr'>neglegere</span> <span class='ocrx_word' id='word_1_102' title='bbox 707 1609 873 1673; x_wconf 87' lang='lat' dir='ltr'>possit</span> <span class='ocrx_word' id='word_1_103' title='bbox 896 1609 915 1657; x_wconf 73' lang='grc' dir='ltr'><em>Ρ</em></span> <span class='ocrx_word' id='word_1_104' title='bbox 1000 1610 1214 1658; x_wconf 88' lang='lat' dir='ltr'>Patrem</span> <span class='ocrx_word' id='word_1_105' title='bbox 1230 1625 1422 1667; x_wconf 90' lang='lat' dir='ltr'>meum,</span> <span class='ocrx_word' id='word_1_106' title='bbox 1453 1625 1573 1658; x_wconf 93' lang='lat' dir='ltr'>cum</span> <span class='ocrx_word' id='word_1_107' title='bbox 1590 1605 1913 1674; x_wconf 84' lang='lat' dir='ltr'>proscriptus</span> 
     </span>
     <span class='ocr_line' id='line_1_19' title="bbox 338 1692 1912 1757; baseline 0.001 -16"><span class='ocrx_word' id='word_1_108' title='bbox 338 1709 443 1741; x_wconf 93' lang='lat' dir='ltr'>non</span> <span class='ocrx_word' id='word_1_109' title='bbox 505 1697 654 1750; x_wconf 86' lang='lat' dir='ltr'>esset,</span> <span class='ocrx_word' id='word_1_110' title='bbox 727 1692 1014 1756; x_wconf 86' lang='lat' dir='ltr'>iugulastis‚</span> <span class='ocrx_word' id='word_1_111' title='bbox 1089 1692 1316 1741; x_wconf 90' lang='lat' dir='ltr'>occisum</span> <span class='ocrx_word' id='word_1_112' title='bbox 1386 1692 1440 1741; x_wconf 87' lang='lat' dir='ltr'>in</span> <span class='ocrx_word' id='word_1_113' title='bbox 1500 1692 1912 1757; x_wconf 88' lang='lat' dir='ltr'>proscriptorum</span> 
     </span>
     <span class='ocr_line' id='line_1_20' title="bbox 338 1775 1908 1841; baseline 0.001 -17"><span class='ocrx_word' id='word_1_114' title='bbox 338 1792 613 1824; x_wconf 90' lang='lat' dir='ltr'>numerum</span> <span class='ocrx_word' id='word_1_115' title='bbox 641 1775 930 1834; x_wconf 88' lang='lat' dir='ltr'>rettulistis,</span> <span class='ocrx_word' id='word_1_116' title='bbox 951 1792 1036 1825; x_wconf 89' lang='lat' dir='ltr'>me</span> <span class='ocrx_word' id='word_1_117' title='bbox 1063 1776 1221 1825; x_wconf 93' lang='lat' dir='ltr'>domo</span> <span class='ocrx_word' id='word_1_118' title='bbox 1239 1793 1357 1825; x_wconf 89' lang='lat' dir='ltr'>mea</span> <span class='ocrx_word' id='word_1_119' title='bbox 1374 1793 1466 1841; x_wconf 92' lang='lat' dir='ltr'>per</span> <span class='ocrx_word' id='word_1_120' title='bbox 1483 1776 1592 1825; x_wconf 85' lang='lat' dir='ltr'>vim</span> <span class='ocrx_word' id='word_1_121' title='bbox 1621 1776 1908 1841; x_wconf 87' lang='lat' dir='ltr'>expulistis,</span> 
     </span>
     <span class='ocr_line' id='line_1_21' title="bbox 338 1859 1908 1925; baseline 0.001 -17"><span class='ocrx_word' id='word_1_122' title='bbox 338 1859 714 1924; x_wconf 86' lang='lat' dir='ltr'>patrimonium</span> <span class='ocrx_word' id='word_1_123' title='bbox 733 1875 911 1908; x_wconf 90' lang='lat' dir='ltr'>meum</span> <span class='ocrx_word' id='word_1_124' title='bbox 929 1859 1220 1924; x_wconf 81' lang='lat' dir='ltr'>possidetis,</span> <span class='ocrx_word' id='word_1_125' title='bbox 1312 1859 1451 1924; x_wconf 74' lang='lat' dir='ltr'>Quid</span> <span class='ocrx_word' id='word_1_126' title='bbox 1477 1859 1640 1909; x_wconf 88' lang='lat' dir='ltr'>vultis</span> <span class='ocrx_word' id='word_1_127' title='bbox 1660 1860 1908 1925; x_wconf 88' lang='lat' dir='ltr'>amplius?</span> 
     </span>
     <span class='ocr_line' id='line_1_22' title="bbox 338 1942 1909 2008; baseline 0.001 -17"><span class='ocrx_word' id='word_1_128' title='bbox 338 1942 567 1992; x_wconf 88' lang='lat' dir='ltr'>etiamne</span> <span class='ocrx_word' id='word_1_129' title='bbox 601 1945 669 1992; x_wconf 88' lang='lat' dir='ltr'>ad</span> <span class='ocrx_word' id='word_1_130' title='bbox 711 1942 956 1994; x_wconf 88' lang='lat' dir='ltr'>subsellia</span> <span class='ocrx_word' id='word_1_131' title='bbox 989 1959 1109 1992; x_wconf 91' lang='lat' dir='ltr'>cum</span> <span class='ocrx_word' id='word_1_132' title='bbox 1152 1944 1287 1992; x_wconf 80' lang='lat' dir='ltr'>ferro</span> <span class='ocrx_word' id='word_1_133' title='bbox 1322 1948 1484 2008; x_wconf 91' lang='lat' dir='ltr'>atque</span> <span class='ocrx_word' id='word_1_134' title='bbox 1526 1944 1643 1993; x_wconf 90' lang='lat' dir='ltr'>telis</span> <span class='ocrx_word' id='word_1_135' title='bbox 1676 1943 1909 2004; x_wconf 82' lang='lat' dir='ltr'>venistiS‚</span> 
     </span>
     <span class='ocr_line' id='line_1_23' title="bbox 339 2027 1838 2091; baseline 0.001 -16"><span class='ocrx_word' id='word_1_136' title='bbox 339 2031 398 2075; x_wconf 89' lang='lat' dir='ltr'>ut</span> <span class='ocrx_word' id='word_1_137' title='bbox 417 2027 500 2076; x_wconf 92' lang='lat' dir='ltr'>hic</span> <span class='ocrx_word' id='word_1_138' title='bbox 518 2031 611 2076; x_wconf 90' lang='lat' dir='ltr'>aut</span> <span class='ocrx_word' id='word_1_139' title='bbox 629 2027 872 2091; x_wconf 85' lang='lat' dir='ltr'>iuguletis</span> <span class='ocrx_word' id='word_1_140' title='bbox 900 2031 993 2075; x_wconf 88' lang='lat' dir='ltr'>aut</span> <span class='ocrx_word' id='word_1_141' title='bbox 1020 2027 1378 2076; x_wconf 85' lang='lat' dir='ltr'>condemnetis</span> <span class='ocrx_word' id='word_1_142' title='bbox 1397 2027 1510 2076; x_wconf 84' lang='lat' dir='ltr'>Sex.</span> <span class='ocrx_word' id='word_1_143' title='bbox 1546 2027 1795 2076; x_wconf 88' lang='lat' dir='ltr'>Roscium</span> <span class='ocrx_word' id='word_1_144' title='bbox 1819 2027 1838 2076; x_wconf 84' lang='lat'>?</span> 
     </span>
     <span class='ocr_line' id='line_1_24' title="bbox 438 2110 1916 2176; baseline 0 -17"><span class='ocrx_word' id='word_1_145' title='bbox 438 2111 563 2160; x_wconf 91' lang='lat' dir='ltr'><strong>XII.</strong></span> <span class='ocrx_word' id='word_1_146' title='bbox 603 2111 886 2159; x_wconf 91' lang='lat' dir='ltr'>Hominem</span> <span class='ocrx_word' id='word_1_147' title='bbox 921 2111 1072 2175; x_wconf 85' lang='lat' dir='ltr'>longe</span> <span class='ocrx_word' id='word_1_148' title='bbox 1099 2110 1504 2160; x_wconf 88' lang='lat' dir='ltr'>audacissimum</span> <span class='ocrx_word' id='word_1_149' title='bbox 1539 2127 1706 2176; x_wconf 90' lang='lat' dir='ltr'>nuper</span> <span class='ocrx_word' id='word_1_150' title='bbox 1731 2110 1916 2162; x_wconf 88' lang='lat' dir='ltr'>habui-</span> 
     </span>
     <span class='ocr_line' id='line_1_25' title="bbox 338 2193 1912 2258; baseline 0.001 -16"><span class='ocrx_word' id='word_1_151' title='bbox 338 2209 455 2242; x_wconf 91' lang='lat' dir='ltr'>mus</span> <span class='ocrx_word' id='word_1_152' title='bbox 473 2194 526 2241; x_wconf 94' lang='lat' dir='ltr'>in</span> <span class='ocrx_word' id='word_1_153' title='bbox 545 2194 761 2242; x_wconf 86' lang='lat' dir='ltr'>civitate</span> <span class='ocrx_word' id='word_1_154' title='bbox 780 2193 831 2242; x_wconf 89' lang='lat' dir='ltr'>C.</span> <span class='ocrx_word' id='word_1_155' title='bbox 864 2194 1151 2243; x_wconf 86' lang='lat' dir='ltr'>Fimbriam</span> <span class='ocrx_word' id='word_1_156' title='bbox 1171 2199 1238 2252; x_wconf 91' lang='lat' dir='ltr'>et,</span> <span class='ocrx_word' id='word_1_157' title='bbox 1271 2195 1414 2258; x_wconf 90' lang='lat' dir='ltr'>quod</span> <span class='ocrx_word' id='word_1_158' title='bbox 1431 2194 1567 2244; x_wconf 91' lang='lat' dir='ltr'>inter</span> <span class='ocrx_word' id='word_1_159' title='bbox 1594 2211 1773 2244; x_wconf 88' lang='lat' dir='ltr'>omnes</span> <span class='ocrx_word' id='word_1_160' title='bbox 1792 2211 1912 2244; x_wconf 93' lang='lat' dir='ltr'>con—</span> 
     </span>
     <span class='ocr_line' id='line_1_26' title="bbox 339 2276 1912 2342; baseline 0.001 -17"><span class='ocrx_word' id='word_1_161' title='bbox 339 2281 461 2334; x_wconf 88' lang='lat' dir='ltr'>stat,</span> <span class='ocrx_word' id='word_1_162' title='bbox 487 2276 586 2325; x_wconf 90' lang='lat' dir='ltr'>nisi</span> <span class='ocrx_word' id='word_1_163' title='bbox 606 2277 743 2325; x_wconf 85' lang='lat' dir='ltr'>inter</span> <span class='ocrx_word' id='word_1_164' title='bbox 774 2293 874 2335; x_wconf 67' lang='grc'>305,</span> <span class='ocrx_word' id='word_1_165' title='bbox 901 2277 990 2340; x_wconf 91' lang='lat' dir='ltr'>qui</span> <span class='ocrx_word' id='word_1_166' title='bbox 1022 2276 1121 2342; x_wconf 88' lang='lat' dir='ltr'>ipsi</span> <span class='ocrx_word' id='word_1_167' title='bbox 1143 2293 1353 2341; x_wconf 88' lang='lat' dir='ltr'>quoque</span> <span class='ocrx_word' id='word_1_168' title='bbox 1383 2277 1668 2336; x_wconf 86' lang='lat' dir='ltr'>insaniunt,</span> <span class='ocrx_word' id='word_1_169' title='bbox 1695 2278 1912 2328; x_wconf 88' lang='lat' dir='ltr'>insanis-</span> 
     </span>
     <span class='ocr_line' id='line_1_27' title="bbox 338 2360 1915 2426; baseline 0.003 -18"><span class='ocrx_word' id='word_1_170' title='bbox 338 2360 542 2410; x_wconf 88' lang='lat' dir='ltr'>simum.</span> <span class='ocrx_word' id='word_1_171' title='bbox 618 2362 670 2409; x_wconf 91' lang='lat' dir='ltr'>Is</span> <span class='ocrx_word' id='word_1_172' title='bbox 686 2377 807 2409; x_wconf 88' lang='lat' dir='ltr'>cum</span> <span class='ocrx_word' id='word_1_173' title='bbox 833 2366 1078 2418; x_wconf 90' lang='lat' dir='ltr'>curasset,</span> <span class='ocrx_word' id='word_1_174' title='bbox 1098 2361 1152 2408; x_wconf 90' lang='lat' dir='ltr'>in</span> <span class='ocrx_word' id='word_1_175' title='bbox 1178 2361 1358 2410; x_wconf 81' lang='lat' dir='ltr'>funere</span> <span class='ocrx_word' id='word_1_176' title='bbox 1375 2362 1425 2412; x_wconf 84' lang='lat' dir='ltr'>C.</span> <span class='ocrx_word' id='word_1_177' title='bbox 1448 2362 1580 2411; x_wconf 87' lang='lat' dir='ltr'>Mari</span> <span class='ocrx_word' id='word_1_178' title='bbox 1605 2366 1665 2411; x_wconf 90' lang='lat' dir='ltr'>ut</span> <span class='ocrx_word' id='word_1_179' title='bbox 1684 2362 1744 2426; x_wconf 74' lang='lat' dir='ltr'>Q.</span> <span class='ocrx_word' id='word_1_180' title='bbox 1763 2363 1915 2412; x_wconf 84' lang='lat' dir='ltr'>Scae-</span> 
     </span>
     <span class='ocr_line' id='line_1_28' title="bbox 339 2443 1914 2509; baseline 0.001 -17"><span class='ocrx_word' id='word_1_181' title='bbox 339 2444 460 2492; x_wconf 84' lang='lat' dir='ltr'>vola</span> <span class='ocrx_word' id='word_1_182' title='bbox 484 2443 860 2502; x_wconf 88' lang='lat' dir='ltr'>vulneraretur,</span> <span class='ocrx_word' id='word_1_183' title='bbox 880 2444 962 2493; x_wconf 77' lang='lat' dir='ltr'>vir</span> <span class='ocrx_word' id='word_1_184' title='bbox 987 2445 1346 2494; x_wconf 86' lang='lat' dir='ltr'>sanctissimus</span> <span class='ocrx_word' id='word_1_185' title='bbox 1363 2450 1525 2509; x_wconf 87' lang='lat' dir='ltr'>atque</span> <span class='ocrx_word' id='word_1_186' title='bbox 1550 2445 1914 2509; x_wconf 90' lang='lat' dir='ltr'>ornatissimus</span> 
     </span>
     <span class='ocr_line' id='line_1_29' title="bbox 339 2527 1912 2592; baseline 0.002 -17"><span class='ocrx_word' id='word_1_187' title='bbox 339 2531 548 2576; x_wconf 88' lang='lat' dir='ltr'>nostrae</span> <span class='ocrx_word' id='word_1_188' title='bbox 569 2527 813 2585; x_wconf 65' lang='lat' dir='ltr'>civitatis</span> <span class='ocrx_word' id='word_1_189' title='bbox 848 2528 912 2576; x_wconf 92' lang='lat' dir='ltr'>de</span> <span class='ocrx_word' id='word_1_190' title='bbox 934 2528 1079 2577; x_wconf 90' lang='lat' dir='ltr'>cuius</span> <span class='ocrx_word' id='word_1_191' title='bbox 1099 2528 1255 2577; x_wconf 91' lang='lat' dir='ltr'>laude</span> <span class='ocrx_word' id='word_1_192' title='bbox 1284 2544 1453 2592; x_wconf 89' lang='lat' dir='ltr'>neque</span> <span class='ocrx_word' id='word_1_193' title='bbox 1473 2529 1557 2577; x_wconf 91' lang='lat' dir='ltr'>hic</span> <span class='ocrx_word' id='word_1_194' title='bbox 1586 2529 1730 2579; x_wconf 89' lang='lat' dir='ltr'>locus</span> <span class='ocrx_word' id='word_1_195' title='bbox 1752 2533 1831 2578; x_wconf 90' lang='lat' dir='ltr'>est</span> <span class='ocrx_word' id='word_1_196' title='bbox 1850 2533 1912 2578; x_wconf 90' lang='lat' dir='ltr'>ut</span> 
     </span>
     <span class='ocr_line' id='line_1_30' title="bbox 338 2610 1912 2680; baseline 0.003 -22"><span class='ocrx_word' id='word_1_197' title='bbox 338 2611 509 2659; x_wconf 89' lang='lat' dir='ltr'>multa</span> <span class='ocrx_word' id='word_1_198' title='bbox 535 2610 777 2659; x_wconf 88' lang='lat' dir='ltr'>dicantur</span> <span class='ocrx_word' id='word_1_199' title='bbox 795 2627 964 2675; x_wconf 93' lang='lat' dir='ltr'>neque</span> <span class='ocrx_word' id='word_1_200' title='bbox 993 2611 1144 2675; x_wconf 90' lang='lat' dir='ltr'>plura</span> <span class='ocrx_word' id='word_1_201' title='bbox 1162 2616 1341 2661; x_wconf 91' lang='lat' dir='ltr'>tamen</span> <span class='ocrx_word' id='word_1_202' title='bbox 1361 2612 1462 2661; x_wconf 90' lang='lat' dir='ltr'>dici</span> <span class='ocrx_word' id='word_1_203' title='bbox 1491 2617 1726 2677; x_wconf 87' lang='lat' dir='ltr'>possunt,</span> <span class='ocrx_word' id='word_1_204' title='bbox 1750 2629 1912 2680; x_wconf 75' lang='lat' dir='ltr'>quam</span> 
     </span>
     <span class='ocr_line' id='line_1_31' title="bbox 339 2694 1913 2757; baseline 0.003 -16"><span class='ocrx_word' id='word_1_205' title='bbox 339 2695 562 2757; x_wconf 86' lang='lat' dir='ltr'>populus</span> <span class='ocrx_word' id='word_1_206' title='bbox 607 2695 878 2743; x_wconf 89' lang='lat' dir='ltr'>Romanus</span> <span class='ocrx_word' id='word_1_207' title='bbox 899 2694 1172 2744; x_wconf 72' lang='lat' dir='ltr'>‘memoria</span> <span class='ocrx_word' id='word_1_208' title='bbox 1205 2696 1410 2754; x_wconf 90' lang='lat' dir='ltr'>retinet,</span> <span class='ocrx_word' id='word_1_209' title='bbox 1458 2696 1597 2745; x_wconf 90' lang='lat' dir='ltr'>diem</span> <span class='ocrx_word' id='word_1_210' title='bbox 1631 2696 1913 2746; x_wconf 82' lang='lat' dir='ltr'>Scaevolae</span> 
     </span>
     <span class='ocr_line' id='line_1_32' title="bbox 339 2776 1912 2844; baseline 0.003 -19"><span class='ocrx_word' id='word_1_211' title='bbox 339 2776 487 2835; x_wconf 86' lang='lat' dir='ltr'>dixit,</span> <span class='ocrx_word' id='word_1_212' title='bbox 525 2781 871 2841; x_wconf 88' lang='lat' dir='ltr'>posteaquam</span> <span class='ocrx_word' id='word_1_213' title='bbox 897 2779 1150 2842; x_wconf 90' lang='lat' dir='ltr'>comperit</span> <span class='ocrx_word' id='word_1_214' title='bbox 1186 2795 1306 2828; x_wconf 92' lang='lat' dir='ltr'>eum</span> <span class='ocrx_word' id='word_1_215' title='bbox 1330 2796 1481 2844; x_wconf 89' lang='lat' dir='ltr'>posse</span> <span class='ocrx_word' id='word_1_216' title='bbox 1514 2780 1704 2829; x_wconf 86' lang='lat' dir='ltr'>vivere.</span> <span class='ocrx_word' id='word_1_217' title='bbox 1779 2780 1912 2829; x_wconf 88' lang='lat' dir='ltr'>Cum</span> 
     </span>
     <span class='ocr_line' id='line_1_33' title="bbox 339 2861 1911 2925; baseline 0.003 -17"><span class='ocrx_word' id='word_1_218' title='bbox 339 2861 406 2908; x_wconf 86' lang='lat' dir='ltr'>ab</span> <span class='ocrx_word' id='word_1_219' title='bbox 464 2877 524 2908; x_wconf 87' lang='lat' dir='ltr'>eo</span> <span class='ocrx_word' id='word_1_220' title='bbox 549 2865 897 2923; x_wconf 80' lang='lat' dir='ltr'>quaereretur,</span> <span class='ocrx_word' id='word_1_221' title='bbox 957 2861 1084 2925; x_wconf 91' lang='lat' dir='ltr'>quid</span> <span class='ocrx_word' id='word_1_222' title='bbox 1118 2863 1335 2911; x_wconf 90' lang='lat' dir='ltr'>tandem</span> <span class='ocrx_word' id='word_1_223' title='bbox 1381 2873 1728 2913; x_wconf 85' lang='lat' dir='ltr'>accusaturus</span> <span class='ocrx_word' id='word_1_224' title='bbox 1774 2868 1911 2913; x_wconf 88' lang='lat' dir='ltr'>esset</span> 
     </span>
     <span class='ocr_line' id='line_1_34' title="bbox 342 2943 1911 3012; baseline 0.003 -21"><span class='ocrx_word' id='word_1_225' title='bbox 342 2959 477 3003; x_wconf 84' lang='lat' dir='ltr'>eum,</span> <span class='ocrx_word' id='word_1_226' title='bbox 499 2959 655 3007; x_wconf 85' lang='lat' dir='ltr'>quem</span> <span class='ocrx_word' id='word_1_227' title='bbox 682 2961 777 3009; x_wconf 90' lang='lat' dir='ltr'>pro</span> <span class='ocrx_word' id='word_1_228' title='bbox 795 2943 1055 3008; x_wconf 81' lang='lat' dir='ltr'>dignitate</span> <span class='ocrx_word' id='word_1_229' title='bbox 1078 2962 1142 2994; x_wconf 83' lang='lat' dir='ltr'>ne</span> <span class='ocrx_word' id='word_1_230' title='bbox 1159 2945 1375 2996; x_wconf 88' lang='lat' dir='ltr'>laudare</span> <span class='ocrx_word' id='word_1_231' title='bbox 1393 2947 1607 3011; x_wconf 87' lang='lat' dir='ltr'>quidem</span> <span class='ocrx_word' id='word_1_232' title='bbox 1629 2946 1911 3012; x_wconf 87' lang='lat' dir='ltr'>quisquam</span> 
     </span>
     <span class='ocr_line' id='line_1_35' title="bbox 339 3027 1908 3092; baseline 0.004 -19"><span class='ocrx_word' id='word_1_233' title='bbox 339 3027 465 3074; x_wconf 84' lang='lat' dir='ltr'>satis</span> <span class='ocrx_word' id='word_1_234' title='bbox 490 3028 760 3075; x_wconf 88' lang='lat' dir='ltr'>commode</span> <span class='ocrx_word' id='word_1_235' title='bbox 784 3031 973 3092; x_wconf 90' lang='lat' dir='ltr'>posset,</span> <span class='ocrx_word' id='word_1_236' title='bbox 995 3029 1143 3077; x_wconf 89' lang='lat' dir='ltr'>aiunt</span> <span class='ocrx_word' id='word_1_237' title='bbox 1160 3030 1439 3088; x_wconf 91' lang='lat' dir='ltr'>hominem,</span> <span class='ocrx_word' id='word_1_238' title='bbox 1460 3035 1519 3079; x_wconf 90' lang='lat' dir='ltr'>ut</span> <span class='ocrx_word' id='word_1_239' title='bbox 1539 3035 1650 3079; x_wconf 89' lang='lat' dir='ltr'>erat</span> <span class='ocrx_word' id='word_1_240' title='bbox 1667 3030 1908 3089; x_wconf 86' lang='lat' dir='ltr'>furiosus,</span> 
     </span>
    </p>
   </div>
   <div class='ocr_carea' id='block_1_6' title="bbox 2032 0 2216 3089">
    <p class='ocr_par' dir='ltr' id='par_1_6' title="bbox 2032 0 2216 3089">
     <span class='ocr_line' id='line_1_36' title="bbox 2032 0 2216 3089; baseline 0 0"><span class='ocrx_word' id='word_1_241' title='bbox 2032 0 2216 3089; x_wconf 95' lang='lat' dir='ltr'> </span> 
     </span>
    </p>
   </div>
   <div class='ocr_carea' id='block_1_7' title="bbox 2175 2742 2216 3288">
    <p class='ocr_par' dir='ltr' id='par_1_7' title="bbox 2175 2742 2216 3288">
     <span class='ocr_line' id='line_1_37' title="bbox 2175 2742 2216 3288; textangle 90"><span class='ocrx_word' id='word_1_242' title='bbox 2177 3093 2216 3288; x_wconf 43' lang='lat' dir='ltr'>&amp;fin-:Lei</span> <span class='ocrx_word' id='word_1_243' title='bbox 2175 3058 2193 3071; x_wconf 42' lang='lat'><em>⁷</em></span> <span class='ocrx_word' id='word_1_244' title='bbox 2181 2916 2196 2921; x_wconf 51' lang='lat'>¹·</span> <span class='ocrx_word' id='word_1_245' title='bbox 2183 2887 2186 2889; x_wconf 73' lang='grc'><strong>’</strong></span> <span class='ocrx_word' id='word_1_246' title='bbox 2182 2801 2202 2830; x_wconf 63' lang='lat'>&#39;⁴&#39;</span> <span class='ocrx_word' id='word_1_247' title='bbox 2202 2779 2212 2786; x_wconf 49' lang='grc' dir='ltr'><strong>κ</strong></span> <span class='ocrx_word' id='word_1_248' title='bbox 2209 2742 2216 2750; x_wconf 92' lang='grc'><strong><em>.</em></strong></span> 
     </span>
    </p>
   </div>
  </div>
 </body>
</html>
