2216 3288
364 347 425 395 16
823 344 966 393 PRO
1015 344 1169 398 SEX.
1223 345 1478 394 ROSCIO

258 466 326 516 44
362 464 595 515 colendis
614 480 806 529 operae
824 463 1114 528 plurimum
1136 463 1405 528 studiique
1425 481 1734 515 consumere
1757 467 1776 515 ?
1852 466 1941 514 An

363 549 680 598 amandarat
703 548 844 597 hunc
866 548 954 605 sie,
980 551 1042 596 ut
1067 551 1205 597 esset
1226 549 1280 596 in
1305 565 1429 612 agro
1452 565 1514 598 ac
1537 553 1752 598 tantum
1774 549 1942 598 modo

364 632 592 681 aleretur
629 632 697 680 ad
732 631 931 689 villam,
971 637 1032 681 ut
1071 631 1363 680 commodis
1399 631 1646 681 omnibus
1684 634 1927 682 careret?

364 715 545 778 Quid?
605 716 647 764 si
682 719 894 763 constat
928 715 1069 764 hunc
1103 731 1209 763 non
1244 715 1404 764 modo
1438 714 1671 764 colendis
1705 715 1939 779 praediis

363 798 666 862 praefuisse,
705 798 797 846 sed
830 798 986 847 certis
1021 798 1199 847 fundis
1234 803 1387 862 patre
1419 798 1546 847 vivo
1580 798 1684 847 frui
1718 799 1932 848 solitum

364 897 489 939 esse,
526 885 776 930 tamenne
809 882 939 931 haec
971 881 1087 930 vita
1120 898 1151 930 a
1183 886 1237 930 te
1270 882 1539 931 rusticana
1571 882 1821 946 relegatio
1854 886 1937 932 at-

363 981 466 1028 que.
491 965 800 1014 amandatio
826 965 1183 1029 appellabitur
1206 967 1224 1014 Ρ
1268 965 1440 1024 Vides,
1468 965 1642 1024 Eruci,
1670 969 1937 1030 quantum

364 1047 527 1097 distet
557 1049 951 1112 argumentatio
981 1055 1077 1097 tua
1106 1049 1174 1098 ab
1205 1065 1258 1098 re
1289 1050 1405 1113 ipsa
1434 1054 1597 1113 atque
1628 1049 1931 1099 a‘veritate.

365 1132 519 1195 Quod
557 1131 940 1181 consuetudine
976 1137 1155 1196 patres
1193 1131 1412 1190 faciunt,
1452 1133 1508 1181 id
1544 1132 1696 1196 quasi
1733 1149 1937 1182 novum

362 1215 734 1279 reprehendis‚;
791 1216 935 1279 quod
966 1215 1338 1265 benevolentia
1372 1215 1448 1274 fit,
1485 1216 1539 1264 id
1573 1216 1694 1265 odio
1729 1216 1934 1265 factum

363 1298 654 1347 criminaris
681 1315 689 1355 ;
745 1299 889 1362 quod
921 1299 1134 1367 honoris
1167 1315 1327 1348 causa
1359 1303 1511 1363 pater
1544 1298 1651 1348 filio
1683 1316 1778 1348 suo
1811 1316 1932 1348 con-

259 1382 326 1432 45
364 1379 538 1438 cessit}
579 1382 634 1430 id
671 1398 791 1430 eum
831 1381 1073 1446 supplicii
1112 1398 1271 1431 causa
1310 1382 1491 1431 fecisse
1529 1383 1673 1431 dicis.
1747 1384 1935 1447 Neque

255 2131 322 2182 46

255 2880 322 2930 47

362 1465 491 1513 haec
516 1469 575 1514 tu
601 1481 707 1514 non
730 1465 1003 1529 intellegis,
1031 1465 1123 1514 sed
1147 1481 1314 1529 usque
1338 1483 1413 1522 eo,
1441 1466 1571 1530 quid
1595 1482 1798 1530 arguaS,
1826 1483 1935 1515 non

362 1548 541 1606 habes,
574 1553 634 1597 ut
663 1565 768 1597 non
797 1549 955 1598 modo
985 1549 1082 1597 tibi
1111 1554 1298 1598 contra
1325 1566 1420 1598 nos
1448 1550 1730 1599 dicendum
1758 1555 1934 1615 putes,

360 1647 547 1680 verum
581 1632 742 1680 etiam
777 1637 963 1681 contra
995 1648 1170 1681 rerum
1203 1638 1452 1682 naturam
1487 1637 1778 1697 contraque
1811 1650 1933 1683 con-

359 1714 694 1764 suetudinem
734 1716 1008 1764 hominum
1036 1720 1327 1780 contraque
1365 1715 1637 1780 opiniones
1676 1715 1934 1770 omnium.

431 1799 575 1847 XVI.
606 1799 677 1846 At
704 1799 985 1856 enim‚cum
1012 1800 1144 1848 duos
1171 1799 1303 1848 filios
1329 1800 1796 1858 haberet,alterum
1822 1818 1854 1849 a
1877 1816 1933 1849 se

359 1897 466 1930 non
487 1882 811 1939 dimittebat,
835 1882 1061 1931 alterum
1083 1885 1188 1932 ruri
1210 1899 1322 1932 esse
1342 1884 1662 1948 patiebatur.
1706 1884 1930 1948 Quaeso,

359 1965 534 2023 Eruci,
567 1970 628 2014 ut
659 1966 758 2014 hoc
787 1965 841 2014 in
870 1966 1069 2015 bonam
1099 1972 1307 2031 partem
1338 1966 1566 2031 accipias
1590 1984 1600 2026 ;
1652 1984 1759 2016 non
1790 1966 1933 2016 enim

360 2049 715 2111 exprobrandi
757 2065 931 2107 causa,
977 2050 1069 2099 sed
1110 2051 1481 2101 commonendi
1521 2051 1694 2115 gratia
1735 2052 1926 2100 dicam.

361 2131 414 2180 Si
450 2131 549 2179 tibi
584 2132 800 2182 fortuna
834 2149 940 2181 non
977 2133 1140 2192 dedit,
1179 2139 1240 2182 ut
1275 2139 1427 2198 patre
1462 2139 1606 2184 certo
1642 2151 1927 2192 nascerere,

360 2230 426 2262 ex
445 2231 551 2278 quo
570 2215 869 2279 intellegere
887 2232 1082 2280 posseS,
1105 2216 1195 2280 qui
1217 2216 1424 2266 animus
1442 2218 1648 2283 patrius
1667 2218 1719 2266 in
1739 2218 1935 2268 liberos

359 2303 511 2355 esset,
533 2290 590 2348 at
609 2303 799 2348 natura
820 2305 962 2348 certe
980 2299 1143 2356 dedit,
1166 2305 1226 2348 ut
1245 2301 1598 2350 humanitatis
1615 2318 1722 2350 non
1739 2317 1930 2366 parum

359 2380 581 2430 haberes
604 2397 614 2438 ;
654 2398 715 2430 eo
734 2382 951 2432 accessit
971 2383 1207 2432 studium
1226 2384 1513 2443 doctrinae,
1536 2390 1596 2433 ut
1615 2401 1680 2433 ne
1699 2402 1730 2433 a
1745 2384 1941 2434 litteris

358 2463 572 2527 quidem
607 2464 807 2514 alienus
841 2481 991 2515 esses.
1067 2465 1276 2530 Ecquid
1309 2467 1527 2516 tandem
1562 2468 1660 2517 tibi
1693 2467 1922 2525 videtur,

357 2551 417 2595 ut
436 2547 505 2595 ad
529 2547 737 2597 fabulas
760 2548 1051 2607 veniamuS,
1074 2566 1233 2599 senex
1249 2551 1334 2600 ille
1359 2551 1684 2600 Caecilianus
1707 2551 1929 2601 minoris

357 2630 529 2679 facere
558 2632 882 2695 Eutychum,
917 2632 1084 2681 filium
1115 2634 1388 2692 rusticum,
1422 2651 1586 2698 quam
1615 2635 1764 2684 illum
1797 2635 1926 2684 alte-

358 2729 491 2771 rum,
527 2714 1000 2766 Chaerestratum?
1061 2717 1220 2780 (nam,
1255 2722 1316 2765 ut
1349 2716 1549 2782 opinor,
1584 2719 1684 2768 hoc
1714 2717 1932 2767 nomine

358 2797 454 2860 est)
502 2797 727 2846 alterum
768 2797 822 2846 in
864 2800 996 2848 urbe
1038 2815 1215 2849 secum
1257 2800 1470 2850 honoris
1511 2817 1672 2850 causa
1712 2801 1924 2858 habere,

360 2879 585 2929 alterurn
608 2896 696 2929 rus
719 2881 961 2945 supplicii
984 2898 1146 2932 causa
1166 2883 1420 2946 relegasse
1444 2885 1463 2933 ?
1507 2885 1517 2902 ‘
1543 2883 1685 2948 Quid
1706 2884 1775 2933 ad
1795 2884 1931 2934 istas

356 2961 584 3027 ineptias
601 2964 715 3013 abis
739 2965 778 3015 ?'
812 2964 1031 3030 inquies,
1106 2967 1269 3031 Quasi
1300 2982 1427 3017 vero
1457 2967 1588 3017 mihi
1618 2966 1837 3017 difficile-
1857 2966 1927 3017 sit
