2216 3288
673 314 818 364 CAP.
872 290 1254 366 xV11-x1x
1329 319 1352 380 ς
1388 317 1587 365 49—54
1845 314 1908 364 19

345 433 548 499 opinor,
609 433 922 490 ostenditur,
983 432 1158 490 Eruci,
1219 434 1363 497 quod
1418 434 1559 482 hunc
1616 433 1723 480 ruri
1763 486 1770 493 ‚
1794 447 1905 481 esse

343 517 665 582 patiebatur.
704 515 981 580 Numquid
998 521 1076 565 est
1095 516 1239 565 aliud
1262 518 1281 565 Ρ
1305 518 1315 535 ‘
1343 517 1515 565 Immo
1530 516 1691 572 vero,’
1711 513 1902 578 inquit,

344 602 358 618 ⁴
385 604 463 649 est
488 615 498 657 ;
565 615 690 648 nam
734 598 898 648 istum
944 599 1258 648 exheredare
1303 598 1358 647 in
1405 598 1580 647 animo
1625 598 1896 647 habebat.’

344 682 519 731 Audio
543 698 554 740 ;
605 698 745 731 nunc
777 681 906 731 dicis
938 681 1152 746 aliquid,
1187 681 1332 746 quod
1362 682 1432 730 ad
1461 697 1571 730 rem
1602 680 1864 746 pertineat
1889 695 1901 739 ;

344 781 468 815 nam
494 765 598 823 illa,
626 764 825 830 opinor,
853 769 916 814 tu
941 781 1151 829 quoque
1176 765 1417 814 concedis
1440 764 1579 813 levia
1604 779 1714 813 esse
1740 767 1903 828 atque

344 849 560 913 inepta:
620 850 630 866 ‘
656 847 912 897 Convivia
947 864 1068 897 cum
1102 853 1254 912 patre
1290 863 1396 896 non
1431 847 1634 896 inibat)
1676 846 1898 911 Quippe,

347 931 439 995 qui
486 948 552 980 ne
599 930 654 978 in
703 930 957 995 oppidum
1006 930 1220 994 quidem
1267 930 1367 978 nisi
1415 945 1626 994 perraro
1675 929 1895 978 veniret.

341 1014 357 1032 ⁴
371 1015 604 1062 Domum
621 1030 771 1063 suam
786 1013 951 1062 istum
967 1029 1073 1062 non
1091 1013 1197 1062 fere
1215 1012 1497 1078 quisquam
1512 1014 1776 1062 vocabat.’
1802 1012 1914 1062 Nec

343 1097 550 1155 mirum,
581 1096 674 1160 qui
699 1112 869 1159 neque
895 1097 950 1145 in
976 1098 1105 1146 urbe
1130 1096 1334 1145 viveret
1361 1111 1531 1160 neque
1557 1100 1902 1145 revocaturus

340 1184 493 1229 esset.
535 1180 688 1229 XIX.
727 1179 922 1228 Verum
963 1180 1092 1228 haec
1134 1185 1196 1228 tu
1237 1195 1448 1242 quoque
1489 1178 1746 1242 intellegis
1790 1193 1900 1227 esse

341 1262 621 1327 nugatoria
645 1278 655 1321 ;
698 1262 843 1320 illud,
871 1262 1015 1327 quod
1038 1262 1318 1327 coepimus,
1346 1261 1636 1319 Videamus,
1663 1278 1767 1326 quo
1793 1276 1899 1310 cer-

343 1346 450 1394 tius
491 1350 863 1409 argumentum
904 1344 1013 1394 odii
1064 1345 1276 1411 reperiri
1315 1346 1459 1394 nullo
1498 1344 1658 1394 modo
1698 1349 1894 1411 potest.

344 1429 355 1447 ‘
379 1428 712 1478 Exheredare
736 1434 888 1492 pater
912 1428 1078 1477 filium
1102 1428 1406 1493 cogitabat.'
1445 1428 1604 1477 Mitto
1629 1443 1894 1492 quaerere,
1932 1431 1999 1482 53

340 1528 448 1576 qua
478 1512 542 1560 de
571 1528 730 1560 causa
754 1527 763 1569 ;
816 1527 1026 1575 quaem,
1060 1511 1152 1575 qui
1180 1512 1312 1560 scias
1337 1528 1346 1570 ;
1398 1510 1615 1560 tametsi
1643 1516 1698 1560 te
1728 1511 1899 1559 dicere

339 1598 503 1659 atque
532 1610 835 1644 enumerare
865 1610 1049 1644 causas
1079 1611 1259 1644 omnes
1288 1595 1586 1659 oportebat,
1619 1599 1672 1657 et
1701 1594 1757 1642 id
1786 1598 1900 1644 erat

336 1677 469 1727 certi
499 1677 817 1727 accusatoris
848 1677 1092 1737 officium,
1122 1678 1213 1741 qui
1244 1677 1384 1726 tanti
1408 1676 1619 1726 >sceleris
1635 1681 1894 1740 argueret,

337 1761 799 1825 explicare·omnia
821 1761 955 1811 vitia
979 1778 1039 1810 ac
1062 1765 1283 1827 peccata
1306 1761 1412 1818 filii,
1441 1759 1634 1824 quibus
1656 1762 1899 1810 incensus

338 1860 527 1908 parens
552 1844 787 1910 potuerit
815 1843 1050 1893 animum
1075 1845 1335 1901 inducere,
1365 1849 1426 1893 ut
1454 1849 1703 1892 naturam
1727 1844 1899 1907 ipsam

337 1926 586 1984 vinceret,
615 1931 676 1975 ut
704 1943 936 1976 amorem
960 1927 1108 1976 illum
1134 1927 1345 1991 penitus
1370 1926 1590 1975 insitum
1616 1928 1804 1976 eiceret
1831 1942 1898 1974 ex

339 2009 530 2068 animo,
570 2014 631 2057 ut
667 2009 893 2074 denique
926 2015 1136 2076 patrem
1172 2026 1283 2060 esse
1319 2026 1429 2060 sese
1466 2010 1896 2070 oblivisceretur;

339 2109 475 2156 quae
507 2093 617 2142 sine
649 2092 853 2156 magnis
884 2093 1101 2143 huiusce
1133 2093 1364 2158 peccatis
1397 2093 1631 2142 accidere
1662 2093 1899 2158 potuisse

337 2191 445 2224 non
470 2174 709 2226 arbitror.
783 2177 978 2225 Verum
1004 2177 1233 2225 concedo
1260 2176 1373 2235 tibi,
1403 2180 1464 2224 ut
1492 2193 1554 2226 ea
1578 2180 1893 2241 praetereas,
1932 2179 1999 2229 54

339 2274 476 2323 quae
508 2275 629 2307 cum
658 2264 816 2317 taces,
850 2260 993 2309 nulla
1023 2275 1133 2308 esse
1162 2260 1403 2308 concedis
1428 2274 1437 2317 ;
1505 2260 1637 2308 illud
1666 2258 1896 2323 quidem,

338 2341 567 2391 voluisse
606 2342 934 2399 exheredare,
977 2336 1117 2391 certe
1154 2348 1216 2391 tu
1253 2343 1472 2408 planum
1511 2342 1681 2392 facere
1720 2342 1894 2391 debes.

339 2424 479 2488 Quid
515 2439 635 2487 ergo
673 2425 861 2483 adfers,
903 2441 1065 2489 quare
1100 2424 1156 2473 id
1192 2425 1395 2475 factum
1431 2426 1723 2489 putemus?
1766 2426 1899 2474 Vere

338 2507 467 2556 nihil
504 2512 656 2572 potes
696 2508 898 2566 dicere;
960 2509 1096 2571 finge
1136 2508 1337 2571 aliquid
1375 2509 1563 2558 saltem
1603 2509 1894 2566 commode,

337 2594 398 2639 ut
439 2606 504 2638 ne
545 2590 700 2654 plane
742 2591 968 2641 videaris
1009 2591 1064 2640 id
1105 2591 1290 2649 facere,
1336 2592 1485 2655 quod
1526 2596 1707 2656 aperte
1749 2591 1894 2649 facis,

285 2678 292 2679 ’
337 2673 491 2722 huius
546 2674 720 2722 miseri
778 2675 1004 2723 fortunis
1061 2678 1114 2722 et
1171 2675 1357 2722 horum
1413 2675 1649 2722 virorum
1706 2674 1895 2722 talium

329 2755 584 2819 dignitati
602 2757 833 2805 illudere.
874 2757 1206 2807 Exheredare
1225 2757 1390 2806 filium
1409 2756 1595 2806 voluit.
1637 2758 1810 2821 Quam
1829 2759 1897 2806 ob

336 2853 551 2887 causam
576 2840 594 2887 ?
622 2840 631 2856 ‘
657 2839 879 2888 Nescio.'
919 2840 1346 2889 Exheredavitne
1370 2840 1388 2887 Ρ
1415 2841 1424 2857 ‘
1451 2841 1606 2889 Non.'
1631 2838 1759 2904 Quis
1778 2857 1896 2904 pro·

326 2920 507 2983 hibuit
532 2922 551 2971 ?
575 2922 585 2939 ‘
611 2922 926 2986 Cogitabat.'
966 2922 1278 2986 Cogitabat?
1301 2922 1385 2972 cui
1403 2922 1538 2971 dixit
1564 2925 1581 2972 ?
1609 2923 1619 2940 ‘
1646 2922 1894 2973 Nemini.'
