2216 3288
608 367 754 416 CAP.
809 367 1249 418 XXIII—XXV.
1321 367 1582 431 §63--70
1808 367 1872 416 25

310 486 420 535 elui
436 502 542 534 non
558 491 751 550 potest,
771 501 955 534 verum
975 500 1139 548 usque
1157 502 1217 534 eo
1235 490 1511 549 permanat
1530 485 1599 533 ad
1616 483 1868 541 animum,

316 574 377 617 ut
405 583 641 617 summus
669 568 813 616 furor
839 573 999 631 atque
1028 568 1260 616 amentia
1287 571 1654 631 consequatur.
1694 566 1871 614 Nolite
1906 567 1971 618 67

311 651 456 699 enim
476 657 679 715 putare,
705 667 860 714 quem
883 651 950 699 ad
971 651 1188 699 modum
1210 651 1262 698 in
1285 650 1475 699 fabulis
1496 664 1870 714 saepenumero

314 733 524 792 videtis,
565 749 666 790 eos,
707 733 798 797 qui
834 733 1034 797 aliquid
1069 733 1228 796 impie
1265 723 1617 796 scelerateque
1653 731 1894 780 commis-

311 821 487 873 erunt,
523 816 710 880 agitari
742 821 795 864 et
825 816 1100 880 perterreri
1131 815 1411 866 Furiarum
1442 815 1612 864 taedis
1643 814 1871 864 ardenti-

315 900 429 948 bus.
471 900 577 949 Sua
596 915 858 963 quemque
879 899 1021 948 fraus
1041 903 1092 947 et
1113 915 1239 947 suus
1258 902 1424 947 terror
1441 897 1671 946 maxime
1690 901 1869 954 vexat,

311 998 470 1030 suum
495 998 756 1046 quemque
780 982 945 1030 scelus
970 982 1138 1045 agitat
1162 981 1499 1044 amentiaque
1523 980 1718 1037 adficit,
1747 995 1872 1028 suae

312 1065 486 1113 malae
533 1064 880 1128 cogitationes
928 1063 1380 1127 conscientiaeque
1428 1063 1587 1111 animi
1636 1067 1834 1111 terrent
1857 1079 1868 1121 ;

315 1149 415 1196 hae
441 1153 564 1195 sunt
590 1147 765 1212 impiis
791 1146 1030 1195 assiduae
1055 1146 1479 1209 domesticaeque
1505 1146 1707 1202 Furiae,
1736 1161 1873 1209 quae

314 1230 428 1279 dies
456 1235 742 1293 noctesque
770 1235 1051 1293 parentum
1078 1245 1275 1294 poenas
1304 1246 1334 1278 a
1364 1227 1873 1278 consceleratissimis

313 1312 436 1361 filiis
478 1318 736 1376 repetant.
777 1308 923 1361 Haec
967 1311 1278 1375 magnitudo
1321 1311 1563 1360 maleficii
1605 1311 1747 1368 facit,
1793 1314 1870 1368 ut,
1908 1313 1974 1363 68

315 1395 414 1444 nisi
443 1412 607 1459 paene
635 1395 975 1444 manifestum
1003 1394 1340 1459 parricidium
1367 1395 1679 1458 proferatur,
1710 1392 1872 1451 credi-

309 1478 418 1527 bile
442 1495 547 1526 non
572 1479 654 1537 sit,
683 1478 781 1526 nisi
806 1479 873 1527 sit
915 1477 1084 1541 turpis
1109 1477 1478 1534 adulescentia,
1506 1476 1604 1526 nisi
1629 1476 1874 1526 omnibus

314 1560 528 1625 flagitiis
546 1561 660 1609 vita
679 1560 971 1624 inquinata,
994 1560 1092 1608 nisi
1111 1565 1355 1624 sumptus
1373 1561 1524 1609 effusi
1542 1576 1662 1608 cum
1681 1561 1873 1624 probro

313 1647 479 1707 atque
527 1643 791 1700 dedecore,
843 1643 940 1691 nisi
987 1648 1241 1707 prorupta
1289 1643 1524 1700 audacia,
1574 1642 1673 1691 nisi
1720 1647 1876 1691 tanta

316 1727 605 1784 temeritas,
666 1732 726 1775 ut
784 1742 890 1775 non
947 1727 1128 1790 procul
1187 1726 1468 1774 abhorreat
1527 1727 1594 1774 ab
1652 1725 1869 1774 insania.

315 1810 550 1858 Accedat
573 1811 674 1858 huc
697 1814 906 1873 oportet
929 1808 1109 1857 odium
1131 1809 1380 1872 parentis,
1407 1808 1875 1857 animadversionis

312 1898 568 1956 paternae
594 1897 783 1948 metus,
813 1891 967 1940 amici
993 1891 1234 1955 improbi,
1266 1891 1401 1940 servi
1427 1891 1633 1949 conscii,
1663 1895 1875 1954 tempus

316 1975 581 2032 idoneum,
605 1975 750 2023 locus
770 1980 1066 2038 opportune
1087 1979 1275 2038 captus
1297 1974 1364 2022 ad
1386 1990 1501 2022 eam
1523 1990 1630 2022 rem
1656 1960 1687 2031 ;’
1708 1989 1875 2037 paene

312 2058 507 2115 dicam,
557 2073 816 2121 respersas
863 2072 1051 2105 manus
1111 2056 1362 2120 sanguine
1410 2062 1631 2120 paterno
1678 2055 1876 2105 iudices

317 2141 535 2190 videant
559 2145 783 2204 oportet,
809 2141 853 2188 si
875 2144 1088 2188 tantum
1111 2139 1329 2196 facinus,
1356 2145 1467 2187 tam
1490 2139 1734 2196 immane,
1761 2144 1874 2187 tam

313 2224 565 2273 acerbum
602 2223 849 2271 credituri
886 2227 1025 2270 sunt.
1100 2223 1273 2286 Quare
1308 2223 1406 2271 hoc
1443 2238 1549 2286 quo
1585 2222 1758 2270 minus
1794 2226 1874 2270 est
1909 2223 1974 2275 69

314 2306 578 2363 credibile,
605 2305 704 2354 nisi
727 2304 1038 2361 ostenditur,
1066 2322 1125 2354 eo
1149 2305 1315 2368 magis
1338 2310 1433 2362 est,
1460 2305 1502 2352 si
1526 2304 1870 2363 convincitur,

312 2388 713 2438 vindicandum.

424 2472 595 2520 XXV.
671 2472 861 2534 Itaque
878 2487 998 2520 cum
1015 2470 1196 2520 multis
1214 2486 1277 2518 ex
1296 2470 1450 2519 rebus
1466 2469 1696 2533 intellegi
1714 2474 1890 2534 potest

314 2555 541 2604 maiores
570 2559 778 2602 nostros
812 2569 916 2602 non
942 2554 1100 2602 modo
1135 2553 1293 2602 armis
1326 2554 1444 2617 plus
1479 2569 1639 2616 quam
1675 2558 1874 2602 ceteras

315 2637 574 2695 nationeS,
597 2652 780 2686 verum
815 2635 975 2685 etiam
996 2635 1210 2684 consilio
1230 2635 1592 2700 sapientiaque
1623 2635 1872 2700 potuisse,

315 2725 436 2770 turn
464 2736 528 2769 ex
555 2721 654 2768 hac
683 2735 734 2768 re
762 2719 847 2767 vel
873 2718 1116 2777 maxime,
1148 2719 1292 2782 quod
1318 2718 1370 2766 in
1397 2718 1588 2782 impios
1614 2717 1874 2781 singulare

313 2802 634 2868 supplicium
655 2802 984 2851 invenerunt.
1025 2802 1142 2865 Qua
1162 2801 1214 2849 in
1236 2817 1289 2849 re
1310 2806 1570 2865 quantum
1592 2800 1875 2864 prudentia

319 2884 681 2951 praestiterint
706 2885 781 2943 iis,
812 2885 901 2948 qui
928 2885 1070 2948 apud
1096 2889 1295 2932 ceteros
1320 2883 1689 2948 sapientissimi
1716 2883 1874 2932 fuisse

312 2969 583 3026 dicuntur,
622 2967 961 3017 considerate.
1037 2966 1451 3015 Prudentissima
1486 2966 1673 3015 civitas
1710 2966 1870 3015 Athe·
1907 2967 1972 3016 ⁷0
