2216 3288
318 359 384 407 22
780 356 926 407 PRO
973 357 1129 411 SEX.
1179 357 1435 409 ROSCIO

322 477 646 526 mehercules
710 477 934 526 verbum
1001 477 1225 535 fecisses,
1295 478 1339 527 si
1404 477 1505 528 tibi
1571 493 1900 542 quemquam

322 575 695 625 responsurum
742 564 998 625 putasses,

219 644 286 696 59
424 645 629 708 Operae
662 644 893 708 pretium
928 650 1058 703 erat,
1095 645 1138 693 si
1172 644 1642 703 animadvertistis
1678 645 1898 703 iudiceS,

326 727 714 792 neglegentiam
744 728 854 777 eius
881 727 939 776 in
967 729 1267 778 accusando
1294 728 1638 778 considerare.
1713 729 1900 787 Cred0,

326 827 447 859 cum
471 811 708 869 vidisset,
736 812 827 876 qui
851 812 1090 861 homines
1113 812 1167 860 in
1191 811 1332 861 hisce
1357 812 1615 862 subselliis
1638 813 1899 870 sederent,

324 895 605 959 quaesisse,
639 911 769 943 num
798 895 884 944 ille
915 900 1008 945 aut
1038 896 1125 945 ille
1155 895 1467 945 defensurus
1496 900 1631 946 esset
1656 913 1665 946 :
1718 897 1785 945 de
1812 911 1901 945 me

325 994 390 1026 ne
410 978 739 1043 suspicatum
759 978 974 1043 quidem
995 996 1120 1038 esse,
1145 980 1290 1044 quod
1310 985 1470 1030 antea
1489 995 1706 1029 causam
1725 978 1898 1044 publi-

326 1078 444 1111 cam
471 1062 672 1112 nullam
699 1061 939 1112 dixerim.
1014 1064 1373 1128 Posteaquam
1399 1063 1603 1112 invenit
1630 1063 1896 1112 neminem

324 1160 521 1204 eorum,
554 1146 646 1211 qui
674 1153 897 1211 possunt
928 1151 982 1195 et
1012 1147 1198 1204 solent,
1230 1146 1308 1196 ita
1337 1147 1614 1212 neglegens
1643 1163 1754 1196 esse
1781 1163 1897 1196 coe-
1929 1152 1931 1154 ’

323 1228 418 1293 pit,
455 1234 531 1289 ut,
565 1245 687 1279 cum
718 1229 773 1278 in
793 1235 1039 1279 mentem
1069 1229 1274 1279 veniret
1307 1230 1368 1289 ei,
1403 1230 1670 1289 resideret,
1704 1230 1899 1280 deinde

323 1311 660 1378 spatiaretur,
721 1329 1126 1379 nonnumquam
1185 1313 1348 1363 etiam
1391 1330 1615 1378 puerum
1659 1304 1892 1372 vocaret,

322 1397 494 1454 cred0,
531 1397 616 1445 cui
651 1413 838 1446 cenam
873 1397 1173 1462 imperaret,
1211 1413 1426 1463 prorsus
1460 1403 1522 1447 ut
1557 1402 1737 1447 vestro
1772 1413 1896 1447 con—

321 1494 467 1529 sessu
492 1484 546 1529 et
570 1480 671 1530 hoc
695 1486 963 1531 conventu
987 1497 1084 1546 pro
1108 1497 1318 1531 summa
1341 1480 1626 1531 solitudine
1650 1484 1896 1533 abutere-

218 1563 286 1615 60
321 1566 423 1613 tur.
499 1563 683 1613 XXII.
724 1565 1002 1615 Peroravit
1042 1564 1345 1630 aliquandO,
1388 1564 1631 1626 adsedit;
1692 1564 1895 1614 surrexi

320 1661 431 1710 ego,
473 1647 752 1712 Respirare
767 1648 914 1698 visus
932 1653 1028 1708 est,
1049 1649 1194 1714 quod
1210 1664 1318 1698 non
1336 1648 1469 1699 alius
1486 1648 1666 1714 potius
1683 1648 1896 1699 diceret.

320 1730 481 1795 Coepi
518 1730 704 1782 dicere.
778 1733 962 1797 Usque
1000 1748 1062 1782 eo
1100 1731 1472 1791 animadverti,
1513 1731 1727 1790 iudiceS,
1770 1747 1899 1805 eum:

320 1813 481 1863 iocari
509 1818 672 1879 atque
701 1814 832 1865 alias
860 1832 942 1865 res
970 1832 1138 1881 agere,
1170 1821 1461 1882 antequam
1491 1816 1892 1881 Chrysogonum

319 1897 592 1948 nominavi
615 1915 626 1957 ;
675 1915 834 1963 quern
860 1899 1017 1948 simul
1043 1905 1207 1964 atque
1234 1899 1406 1964 attigi,
1437 1899 1623 1950 statim
1648 1901 1811 1950 homo
1835 1915 1894 1948 se

319 1980 500 2040 erexit,
535 1981 715 2031 mirari
746 1982 893 2031 visus
937 1987 1031 2033 est.
1107 1984 1368 2042 Intellexi,
1405 1983 1534 2049 quid
1566 1999 1688 2032 eum
1719 1998 1890 2049 pupu-

318 2063 492 2127 gisset.
568 2067 773 2115 Iterum
799 2083 860 2115 ac
885 2067 1045 2116 tertio
1069 2067 1358 2117 nominavi.
1431 2069 1626 2117 Postea
1649 2066 1894 2117 homines

319 2163 529 2198 cursare
574 2149 715 2198 ultro
761 2154 814 2199 et
859 2150 994 2200 citro
1039 2167 1146 2199 non
1191 2150 1528 2210 destiterunt,
1577 2151 1748 2210 credo,
1798 2149 1892 2215 qui

318 2231 657 2297 Chrysogono
689 2232 1002 2283 nuntiarent
1034 2250 1144 2283 esse
1177 2235 1407 2299 aliquem
1441 2234 1495 2283 in
1527 2234 1762 2293 civitate,
1798 2233 1891 2299 qui

317 2321 505 2366 contra
523 2317 860 2366 voluntatem
881 2317 992 2367 eius
1012 2318 1184 2368 dicere
1204 2319 1423 2368 auderet
1447 2334 1458 2376 ;
1501 2318 1654 2367 aliter
1673 2333 1890 2367 causam

317 2399 416 2462 agi,
438 2403 601 2464 atque
618 2399 703 2449 ille
721 2400 1065 2461 existimaret,
1088 2402 1278 2467 aperiri
1292 2403 1556 2451 bonorum
1574 2402 1918 2466 emptionem,

315 2482 499 2532 vexari
515 2483 740 2548 pessime
758 2484 1083 2544 societatem,
1105 2485 1332 2549 gratiam
1351 2486 1756 2551 potentiamque
1775 2484 1887 2534 eius

318 2565 542 2631 neglegi,
593 2567 794 2617 iudices
847 2568 1126 2633 diligenter
1178 2570 1471 2628 attendere,
1526 2569 1725 2634 populo
1778 2583 1889 2618 rem

214 2651 274 2702 61
318 2649 591 2713 indignam
609 2650 791 2700 videri.
868 2652 1013 2717 Quae
1031 2652 1284 2718 quoniam
1303 2658 1357 2703 te
1374 2652 1688 2711 fefellerunt,
1708 2651 1887 2711 Eruci,

318 2732 678 2799 quoniamque
701 2734 850 2784 vides
873 2752 1025 2786 versa
1050 2752 1160 2786 esse
1184 2737 1378 2796 omnia,
1406 2752 1621 2786 causam
1644 2753 1741 2802 pro
1765 2735 1885 2786 Sex.

319 2816 526 2877 Roscio,
567 2818 611 2867 si
646 2834 753 2868 non
790 2820 1080 2879 commode,
1120 2825 1178 2871 at
1214 2821 1375 2871 libere
1411 2820 1530 2879 dici,
1570 2837 1728 2886 quem
1764 2817 1888 2870 dedi

311 2901 558 2965 putabas,
589 2901 802 2951 defendi
827 2902 1102 2968 intellegis,
1132 2920 1266 2969 quos
1294 2888 1585 2955 tradituros
1612 2903 1881 2969 sperabaS,

310 2982 460 3034 vides
481 2984 728 3044 iudicare,
753 2987 972 3037 restitue
993 2987 1147 3038 nobis
1167 2988 1454 3054 aliquando
1476 2992 1710 3038 veterem
1731 2992 1885 3037 tuam
