2216 3288
613 321 758 407 CAPQ
811 356 923 415 XL,
975 357 1117 407 XLI.
1192 362 1215 422 g
1256 360 1510 407 117-121
1771 358 1838 406 45

278 487 656 538 saepenumero
702 473 1002 537 postulatos
1049 488 1158 522 esse
1205 475 1272 523 ab
1319 474 1433 522 istis
1481 474 1614 522 duos
1660 488 1840 522 servos

277 554 333 604 in
378 555 757 619 quaestionem.
832 556 911 604 Tu
957 572 1175 620 semper,
1237 556 1294 605 T.
1345 555 1518 614 Rosci,
1568 556 1835 622 recusasti.

279 637 486 702 Quaero
509 638 603 687 abs
624 643 679 687 te
704 653 712 686 :
759 640 769 656 ‘
797 638 923 696 Iine,
950 639 1041 702 qui
1062 638 1423 703 postulabant,
1449 637 1650 702 indigni
1671 643 1838 695 erant,

280 720 373 785 qui
401 720 762 785 impetrarent,
797 737 866 769 an
894 720 938 769 is
968 726 1022 770 te
1051 737 1158 769 non
1188 722 1573 779 commovebat,
1607 737 1702 785 pro
1732 736 1839 784 quo

280 802 642 868 postulabant,
693 819 761 852 an
809 819 889 852 res
935 804 1050 868 ipsa
1096 803 1195 853 tibi
1241 803 1423 868 iniqua
1468 803 1793 852 videbatur?
1824 804 1834 820 ’

280 886 633 935 Postulabant
678 886 916 935 homines
959 882 1270 935 nobilissimi
1315 892 1475 950 atque
1519 885 1839 950 integerrimi

280 973 493 1018 nostrae
521 968 770 1027 civitatis,
803 985 936 1033 quos
964 968 1070 1018 iam
1101 973 1259 1018 antea
1287 969 1557 1034 nominavi
1582 984 1592 1026 ;
1644 967 1734 1032 qui
1762 968 1841 1017 ita

234 1081 237 1082 ν
278 1049 528 1100 vixerunt
569 1052 806 1116 talesque
848 1069 879 1100 a
918 1052 1115 1116 populo
1156 1053 1398 1100 Romano
1438 1039 1713 1115 putantur,
1757 1056 1834 1108 ut,

279 1133 533 1199 quicquid
584 1134 832 1192 dicerent,
888 1151 1044 1183 nemo
1097 1139 1247 1192 esset,
1304 1134 1394 1198 qui
1447 1150 1553 1182 non
1607 1150 1835 1198 aequum

204 1274 210 1279 ⁸
280 1221 510 1282 putaret.
585 1218 937 1266 Postulabant
970 1222 1149 1266 autem
1180 1227 1275 1282 pro
1307 1217 1518 1266 homine
1549 1216 1838 1265 miserrimo

279 1304 442 1364 atque
467 1300 838 1358 infelicissimo,
880 1300 972 1364 qui
1010 1301 1094 1350 vel
1133 1301 1242 1364 ipse
1281 1317 1391 1349 ses-o
1433 1300 1482 1348 in
1537 1300 1834 1348 cruciatum

116 1388 127 1395 ’
165 1371 169 1373 ,
216 1409 218 1411 ·
282 1381 397 1432 dari
422 1388 651 1448 cuperet,
681 1384 809 1432 dum
835 1383 900 1432 de
923 1383 1090 1448 patris
1115 1389 1285 1432 morte
1310 1388 1670 1447 quaereretur„
1737 1383 1841 1430 Res

278 1480 435 1529 porro
468 1467 562 1515 abs
595 1471 649 1515 te
683 1466 792 1515 eius
824 1465 968 1515 modi
999 1466 1386 1531 postulabatur,
1423 1471 1483 1514 ut
1517 1464 1646 1513 nihil
1678 1465 1836 1513 inter-

281 1552 432 1606 esset,
486 1554 668 1598 utrum
717 1565 834 1597 eam
882 1565 992 1597 rem
1041 1565 1304 1598 recusares
1353 1565 1420 1597 an
1469 1549 1533 1597 de
1581 1547 1837 1596 maleficio

284 1631 602 1680 confiterere.
678 1632 825 1695 Quae
849 1648 970 1680 cum
994 1631 1071 1680 ita
1095 1631 1215 1688 sint,
1245 1647 1439 1695 quaero
1465 1632 1558 1679 abs
1584 1635 1652 1687 te,
1682 1646 1842 1694 quam

280 1714 348 1763 ob
387 1730 601 1763 causam
639 1714 906 1764 recusaris.
981 1714 1112 1763 Cum
1149 1714 1406 1763 occiditur
1443 1715 1558 1762 Sex.
1603 1713 1837 1771 Roscius,

279 1794 477 1846 ibidem
510 1797 739 1846 fuerunt.
814 1798 1002 1846 Servos
1034 1797 1189 1861 ipsos,
1227 1798 1371 1860 quod
1405 1797 1474 1845 ad
1506 1812 1590 1844 me
1624 1796 1834 1853 attinet,

279 1869 451 1943 neque
481 1895 643 1944 arguo
674 1896 844 1944 neque
873 1896 1040 1944 purgo
1083 1895 1094 1937 ;
1128 1880 1272 1944 quod
1302 1897 1333 1928 a
1362 1878 1515 1928 vobis
1547 1875 1840 1943 oppugnari

282 1960 455 2020 video,
494 1979 562 2012 ne
598 1962 653 2011 in
691 1963 1056 2027 quaestionem
1094 1963 1300 2019 dentur,
1342 1960 1687 2026 suspiciosum
1726 1965 1841 2019 est;

283 2046 428 2110 quod
471 2061 596 2095 vero
642 2046 788 2110 apud
830 2061 926 2095 vos
969 2045 1112 2110 ipsos
1156 2046 1210 2094 in
1255 2047 1451 2095 honore
1497 2049 1652 2093 tanto
1697 2047 1839 2101 sunt,

280 2128 520 2192 profecto
549 2143 759 2178 necesse
789 2132 870 2177 est
900 2127 1071 2178 sciant
1101 2127 1317 2192 aliquid,
1350 2127 1495 2192 quod
1523 2128 1567 2176 si
1597 2125 1842 2184 dixerint,

279 2210 631 2275 perniciosum
664 2212 820 2262 vobis
854 2211 1094 2260 futurum
1128 2210 1351 2259 sit—In
1386 2210 1628 2259 dominos
1661 2208 1844 2274 quaeri

279 2292 344 2342 de
371 2294 534 2344 servis
573 2293 812 2359 iniquum
842 2295 1082 2343 est—At
1118 2309 1277 2358 neque
1318 2294 1375 2342 in
1417 2308 1502 2342 vos
1541 2291 1839 2357 quaeritur;

281 2375 398 2426 Sex.
422 2376 561 2426 enim
580 2378 803 2426 Roscius
821 2393 939 2426 reus
957 2381 1037 2426 est
1061 2391 1071 2434 ;
1112 2392 1282 2440 neque
1317 2376 1374 2424 in
1405 2376 1686 2432 dominum,
1719 2390 1840 2423 cum

282 2458 349 2510 de
380 2460 479 2509 hoc
511 2459 818 2525 quaeritur;
870 2475 967 2509 vos
999 2458 1138 2508 enim
1170 2459 1410 2508 dominos
1443 2474 1554 2507 esse
1585 2457 1834 2506 dicitis.—
1871 2454 1873 2456 ’

210 2599 212 2601 ,
284 2542 415 2592 Cum
457 2543 795 2608 Chrysogono
838 2544 1139 2592 sunt—Ita
1180 2542 1368 2600 credo;
1431 2540 1621 2591 litteris
1662 2555 1842 2589 eorum

281 2629 336 2674 et
382 2626 687 2676 urbanitate
736 2626 1104 2690 Chrysogonus
1151 2624 1376 2681 ducitur,
1428 2627 1490 2672 ut
1537 2623 1675 2672 inter
1722 2637 1844 2671 suos

283 2708 522 2759 omniurn
557 2695 862 2759 deliciarum
897 2713 1062 2772 atque
1095 2706 1332 2757 omnium
1368 2706 1564 2757 artium
1598 2705 1844 2770 puerulos

284 2808 349 2841 ex
378 2796 461 2841 tot
490 2790 890 2856 elegantissimis
918 2790 1130 2841 familiis
1158 2790 1321 2840 lectos
1348 2789 1478 2839 velit
1506 2789 1602 2838 hos
1629 2786 1839 2845 versari,

286 2875 525 2926 homines
579 2890 747 2940 paene
803 2873 1080 2940 operarios
1141 2889 1206 2922 ex
1260 2872 1511 2922 Amerina
1565 2869 1842 2936 disciplina

1850 1614 1979 1681 '120

284 2957 454 3024 patris
509 2957 739 3008 familiae
796 2955 1063 3007 rusticani.
1137 2956 1258 3005 Non
1315 2954 1394 3005 ita
1449 2958 1529 3005 est
1585 2954 1837 3019 profectQ
1877 2954 1969 3004 121
