<?xml version="1.0" encoding="UTF-8"?>
<!DOCTYPE html PUBLIC "-//W3C//DTD XHTML 1.0 Transitional//EN"
    "http://www.w3.org/TR/xhtml1/DTD/xhtml1-transitional.dtd">
<html xmlns="http://www.w3.org/1999/xhtml" xml:lang="en" lang="en">
 <head>
  <title>
</title>
<meta http-equiv="Content-Type" content="text/html;charset=utf-8" />
  <meta name='ocr-system' content='tesseract 3.04.00' />
  <meta name='ocr-capabilities' content='ocr_page ocr_carea ocr_par ocr_line ocrx_word'/>
</head>
<body>
  <div class='ocr_page' id='page_1' title='image "./proroscioamerino00ciceuoft/proroscioamerino00ciceuoft_0074.png"; bbox 0 0 2216 3288; ppageno 0'>
   <div class='ocr_carea' id='block_1_1' title="bbox 215 729 316 780">
    <p class='ocr_par' dir='ltr' id='par_1_1' title="bbox 215 729 316 780">
     <span class='ocr_line' id='line_1_1' title="bbox 215 729 316 780; baseline 0 0"><span class='ocrx_word' id='word_1_1' title='bbox 215 729 316 780; x_wconf 83' lang='grc'>143</span> 
     </span>
    </p>
   </div>
   <div class='ocr_carea' id='block_1_2' title="bbox 219 1400 321 1451">
    <p class='ocr_par' dir='ltr' id='par_1_2' title="bbox 219 1400 321 1451">
     <span class='ocr_line' id='line_1_2' title="bbox 219 1400 321 1451; baseline 0 0"><span class='ocrx_word' id='word_1_2' title='bbox 219 1400 321 1451; x_wconf 91' lang='grc'>144</span> 
     </span>
    </p>
   </div>
   <div class='ocr_carea' id='block_1_3' title="bbox 220 2153 320 2204">
    <p class='ocr_par' dir='ltr' id='par_1_3' title="bbox 220 2153 320 2204">
     <span class='ocr_line' id='line_1_3' title="bbox 220 2153 320 2204; baseline -0.01 0"><span class='ocrx_word' id='word_1_3' title='bbox 220 2153 320 2204; x_wconf 86' lang='grc'>145</span> 
     </span>
    </p>
   </div>
   <div class='ocr_carea' id='block_1_4' title="bbox 346 353 1468 408">
    <p class='ocr_par' dir='ltr' id='par_1_4' title="bbox 346 353 1468 408">
     <span class='ocr_line' id='line_1_4' title="bbox 346 353 1468 408; baseline -0.004 0"><span class='ocrx_word' id='word_1_4' title='bbox 346 357 412 408; x_wconf 84' lang='grc'>54</span> <span class='ocrx_word' id='word_1_5' title='bbox 435 385 439 389; x_wconf 92' lang='grc'>-</span> <span class='ocrx_word' id='word_1_6' title='bbox 810 353 954 404; x_wconf 90' lang='lat' dir='ltr'>PRO</span> <span class='ocrx_word' id='word_1_7' title='bbox 1004 354 1160 404; x_wconf 86' lang='lat' dir='ltr'><strong>SEX.</strong></span> <span class='ocrx_word' id='word_1_8' title='bbox 1212 353 1468 406; x_wconf 86' lang='lat' dir='ltr'>ROSCIO</span> 
     </span>
    </p>
   </div>
   <div class='ocr_carea' id='block_1_5' title="bbox 350 472 1951 1550">
    <p class='ocr_par' dir='ltr' id='par_1_5' title="bbox 350 472 1928 707">
     <span class='ocr_line' id='line_1_5' title="bbox 350 472 1923 542; baseline -0.002 -16"><span class='ocrx_word' id='word_1_9' title='bbox 350 474 677 542; x_wconf 86' lang='lat' dir='ltr'>Chrysogoni</span> <span class='ocrx_word' id='word_1_10' title='bbox 740 473 939 531; x_wconf 77' lang='lat' dir='ltr'>fautor,</span> <span class='ocrx_word' id='word_1_11' title='bbox 1005 473 1098 540; x_wconf 92' lang='lat' dir='ltr'>qui</span> <span class='ocrx_word' id='word_1_12' title='bbox 1160 472 1261 524; x_wconf 90' lang='lat' dir='ltr'>sibi</span> <span class='ocrx_word' id='word_1_13' title='bbox 1323 488 1446 524; x_wconf 91' lang='lat' dir='ltr'>cum</span> <span class='ocrx_word' id='word_1_14' title='bbox 1496 473 1597 537; x_wconf 48' lang='lat' dir='ltr'>xillo</span> <span class='ocrx_word' id='word_1_15' title='bbox 1660 473 1923 524; x_wconf 89' lang='lat' dir='ltr'>rationem</span> 
     </span>
     <span class='ocr_line' id='line_1_6' title="bbox 350 557 1928 623; baseline -0.001 -14"><span class='ocrx_word' id='word_1_16' title='bbox 350 558 800 610; x_wconf 78' lang='lat' dir='ltr'>communicatam</span> <span class='ocrx_word' id='word_1_17' title='bbox 836 562 1012 623; x_wconf 89' lang='lat' dir='ltr'>putat,</span> <span class='ocrx_word' id='word_1_18' title='bbox 1053 557 1298 616; x_wconf 85' lang='lat' dir='ltr'><strong>laeditur,</strong></span> <span class='ocrx_word' id='word_1_19' title='bbox 1338 573 1461 608; x_wconf 91' lang='lat' dir='ltr'>cum</span> <span class='ocrx_word' id='word_1_20' title='bbox 1497 558 1566 607; x_wconf 94' lang='lat' dir='ltr'>ab</span> <span class='ocrx_word' id='word_1_21' title='bbox 1604 557 1721 608; x_wconf 88' lang='lat' dir='ltr'>hoc·</span> <span class='ocrx_word' id='word_1_22' title='bbox 1749 557 1928 623; x_wconf 88' lang='lat' dir='ltr'>splen-</span> 
     </span>
     <span class='ocr_line' id='line_1_7' title="bbox 352 643 1040 707; baseline -0.003 -15"><span class='ocrx_word' id='word_1_23' title='bbox 352 643 479 694; x_wconf 88' lang='lat' dir='ltr'>dore</span> <span class='ocrx_word' id='word_1_24' title='bbox 515 659 707 693; x_wconf 91' lang='lat' dir='ltr'>causae</span> <span class='ocrx_word' id='word_1_25' title='bbox 741 646 1040 707; x_wconf 89' lang='lat' dir='ltr'>separatur.</span> 
     </span>
    </p>

    <p class='ocr_par' dir='ltr' id='par_1_6' title="bbox 353 723 1951 1550">
     <span class='ocr_line' id='line_1_8' title="bbox 456 723 1932 783; baseline -0.002 -7"><span class='ocrx_word' id='word_1_26' title='bbox 456 728 652 776; x_wconf 78' lang='lat' dir='ltr'>Verum</span> <span class='ocrx_word' id='word_1_27' title='bbox 682 728 814 776; x_wconf 91' lang='lat' dir='ltr'>haec</span> <span class='ocrx_word' id='word_1_28' title='bbox 843 724 1015 775; x_wconf 90' lang='lat' dir='ltr'>omnis</span> <span class='ocrx_word' id='word_1_29' title='bbox 1043 724 1231 783; x_wconf 86' lang='lat' dir='ltr'>oratio,</span> <span class='ocrx_word' id='word_1_30' title='bbox 1262 729 1325 774; x_wconf 89' lang='lat' dir='ltr'>ut</span> <span class='ocrx_word' id='word_1_31' title='bbox 1353 725 1462 776; x_wconf 89' lang='lat' dir='ltr'>iam</span> <span class='ocrx_word' id='word_1_32' title='bbox 1491 729 1617 775; x_wconf 88' lang='lat' dir='ltr'>ante</span> <span class='ocrx_word' id='word_1_33' title='bbox 1646 723 1773 783; x_wconf 86' lang='lat' dir='ltr'>dixi,</span> <span class='ocrx_word' id='word_1_34' title='bbox 1803 738 1932 774; x_wconf 73' lang='lat' dir='ltr'>mea</span> 
     </span>
     <span class='ocr_line' id='line_1_9' title="bbox 353 808 1928 875; baseline -0.002 -15"><span class='ocrx_word' id='word_1_35' title='bbox 353 816 449 869; x_wconf 88' lang='lat' dir='ltr'>est,</span> <span class='ocrx_word' id='word_1_36' title='bbox 481 826 588 875; x_wconf 90' lang='lat' dir='ltr'>qua</span> <span class='ocrx_word' id='word_1_37' title='bbox 615 827 699 860; x_wconf 91' lang='lat' dir='ltr'>me</span> <span class='ocrx_word' id='word_1_38' title='bbox 725 810 808 859; x_wconf 89' lang='lat' dir='ltr'>uti</span> <span class='ocrx_word' id='word_1_39' title='bbox 835 824 916 860; x_wconf 87' lang='lat' dir='ltr'>res</span> <span class='ocrx_word' id='word_1_40' title='bbox 941 809 1156 875; x_wconf 88' lang='lat' dir='ltr'>publica</span> <span class='ocrx_word' id='word_1_41' title='bbox 1184 813 1238 859; x_wconf 91' lang='lat' dir='ltr'>et</span> <span class='ocrx_word' id='word_1_42' title='bbox 1265 809 1416 859; x_wconf 87' lang='lat' dir='ltr'>dolor</span> <span class='ocrx_word' id='word_1_43' title='bbox 1441 823 1591 859; x_wconf 90' lang='lat' dir='ltr'>meus</span> <span class='ocrx_word' id='word_1_44' title='bbox 1618 813 1672 859; x_wconf 92' lang='lat' dir='ltr'>et</span> <span class='ocrx_word' id='word_1_45' title='bbox 1696 808 1928 858; x_wconf 87' lang='lat' dir='ltr'>istorum</span> 
     </span>
     <span class='ocr_line' id='line_1_10' title="bbox 353 884 1944 958; baseline -0.001 -15"><span class='ocrx_word' id='word_1_46' title='bbox 353 893 543 944; x_wconf 89' lang='lat' dir='ltr'>iniuria</span> <span class='ocrx_word' id='word_1_47' title='bbox 578 893 751 958; x_wconf 91' lang='lat' dir='ltr'>coegit</span> <span class='ocrx_word' id='word_1_48' title='bbox 775 909 786 952; x_wconf 88' lang='lat'>;</span> <span class='ocrx_word' id='word_1_49' title='bbox 843 894 960 943; x_wconf 74' lang='lat' dir='ltr'>Sex,</span> <span class='ocrx_word' id='word_1_50' title='bbox 1001 893 1224 944; x_wconf 82' lang='lat' dir='ltr'>Roscius</span> <span class='ocrx_word' id='word_1_51' title='bbox 1258 894 1449 943; x_wconf 87' lang='lat' dir='ltr'>horum</span> <span class='ocrx_word' id='word_1_52' title='bbox 1482 891 1614 943; x_wconf 89' lang='lat' dir='ltr'>nihil</span> <span class='ocrx_word' id='word_1_53' title='bbox 1644 884 1944 956; x_wconf 58' lang='lat' dir='ltr'>indignum‘</span> 
     </span>
     <span class='ocr_line' id='line_1_11' title="bbox 356 974 1930 1042; baseline -0.003 -14"><span class='ocrx_word' id='word_1_54' title='bbox 356 983 530 1042; x_wconf 87' lang='lat' dir='ltr'>putat,</span> <span class='ocrx_word' id='word_1_55' title='bbox 580 977 847 1028; x_wconf 89' lang='lat' dir='ltr'>neminem</span> <span class='ocrx_word' id='word_1_56' title='bbox 893 981 1126 1035; x_wconf 90' lang='lat' dir='ltr'>accusat,</span> <span class='ocrx_word' id='word_1_57' title='bbox 1173 976 1305 1026; x_wconf 84' lang='lat' dir='ltr'>nihil</span> <span class='ocrx_word' id='word_1_58' title='bbox 1350 976 1417 1027; x_wconf 93' lang='lat' dir='ltr'>de</span> <span class='ocrx_word' id='word_1_59' title='bbox 1462 991 1558 1026; x_wconf 90' lang='lat' dir='ltr'>suo</span> <span class='ocrx_word' id='word_1_60' title='bbox 1602 974 1930 1041; x_wconf 86' lang='lat' dir='ltr'>patrimonio</span> 
     </span>
     <span class='ocr_line' id='line_1_12' title="bbox 355 1059 1931 1127; baseline -0.002 -16"><span class='ocrx_word' id='word_1_61' title='bbox 355 1062 596 1126; x_wconf 89' lang='lat' dir='ltr'>queritur</span> <span class='ocrx_word' id='word_1_62' title='bbox 619 1077 630 1120; x_wconf 87' lang='lat'>;</span> <span class='ocrx_word' id='word_1_63' title='bbox 679 1066 840 1126; x_wconf 84' lang='lat' dir='ltr'>putat</span> <span class='ocrx_word' id='word_1_64' title='bbox 867 1063 1028 1112; x_wconf 92' lang='lat' dir='ltr'>homo</span> <span class='ocrx_word' id='word_1_65' title='bbox 1055 1061 1333 1127; x_wconf 87' lang='lat' dir='ltr'>imperitus</span> <span class='ocrx_word' id='word_1_66' title='bbox 1359 1077 1583 1118; x_wconf 88' lang='lat' dir='ltr'>morum,</span> <span class='ocrx_word' id='word_1_67' title='bbox 1616 1059 1844 1124; x_wconf 87' lang='lat' dir='ltr'>agricola</span> <span class='ocrx_word' id='word_1_68' title='bbox 1870 1061 1931 1108; x_wconf 85' lang='lat' dir='ltr'>et&#39;</span> 
     </span>
     <span class='ocr_line' id='line_1_13' title="bbox 354 1144 1930 1210; baseline -0.002 -14"><span class='ocrx_word' id='word_1_69' title='bbox 354 1146 597 1204; x_wconf 79' lang='lat' dir='ltr'>rusticuS‚</span> <span class='ocrx_word' id='word_1_70' title='bbox 629 1144 735 1194; x_wconf 89' lang='lat' dir='ltr'>ista</span> <span class='ocrx_word' id='word_1_71' title='bbox 764 1144 958 1203; x_wconf 90' lang='lat' dir='ltr'>omnia,</span> <span class='ocrx_word' id='word_1_72' title='bbox 992 1161 1129 1210; x_wconf 89' lang='lat' dir='ltr'>quae</span> <span class='ocrx_word' id='word_1_73' title='bbox 1157 1160 1256 1195; x_wconf 91' lang='lat' dir='ltr'>vos</span> <span class='ocrx_word' id='word_1_74' title='bbox 1283 1161 1377 1210; x_wconf 87' lang='lat' dir='ltr'>per</span> <span class='ocrx_word' id='word_1_75' title='bbox 1406 1144 1607 1195; x_wconf 85' lang='lat' dir='ltr'>Sullam</span> <span class='ocrx_word' id='word_1_76' title='bbox 1635 1147 1786 1208; x_wconf 88' lang='lat' dir='ltr'>gesta</span> <span class='ocrx_word' id='word_1_77' title='bbox 1813 1157 1930 1194; x_wconf 87' lang='lat' dir='ltr'>esse</span> 
     </span>
     <span class='ocr_line' id='line_1_14' title="bbox 353 1226 1924 1294; baseline -0.002 -14"><span class='ocrx_word' id='word_1_78' title='bbox 353 1229 544 1287; x_wconf 80' lang='lat' dir='ltr'>dicitis,</span> <span class='ocrx_word' id='word_1_79' title='bbox 573 1245 734 1287; x_wconf 91' lang='lat' dir='ltr'>more,</span> <span class='ocrx_word' id='word_1_80' title='bbox 763 1228 892 1294; x_wconf 88' lang='lat' dir='ltr'>lege,</span> <span class='ocrx_word' id='word_1_81' title='bbox 920 1229 1033 1279; x_wconf 89' lang='lat' dir='ltr'>iure</span> <span class='ocrx_word' id='word_1_82' title='bbox 1059 1227 1299 1292; x_wconf 88' lang='lat' dir='ltr'>gentium</span> <span class='ocrx_word' id='word_1_83' title='bbox 1324 1228 1471 1279; x_wconf 81' lang='lat' dir='ltr'>facta</span> <span class='ocrx_word' id='word_1_84' title='bbox 1493 1244 1504 1287; x_wconf 76' lang='lat'><em>3</em></span> <span class='ocrx_word' id='word_1_85' title='bbox 1553 1227 1710 1293; x_wconf 86' lang='lat' dir='ltr'>culpa</span> <span class='ocrx_word' id='word_1_86' title='bbox 1732 1226 1924 1278; x_wconf 89' lang='lat' dir='ltr'>libera—</span> 
     </span>
     <span class='ocr_line' id='line_1_15' title="bbox 354 1310 1951 1378; baseline -0.003 -14"><span class='ocrx_word' id='word_1_87' title='bbox 354 1319 444 1364; x_wconf 88' lang='lat' dir='ltr'>tus</span> <span class='ocrx_word' id='word_1_88' title='bbox 465 1318 519 1363; x_wconf 91' lang='lat' dir='ltr'>et</span> <span class='ocrx_word' id='word_1_89' title='bbox 540 1312 756 1363; x_wconf 88' lang='lat' dir='ltr'>crimine</span> <span class='ocrx_word' id='word_1_90' title='bbox 777 1313 978 1363; x_wconf 83' lang='lat' dir='ltr'>nefario</span> <span class='ocrx_word' id='word_1_91' title='bbox 999 1313 1205 1363; x_wconf 92' lang='lat' dir='ltr'>solutus</span> <span class='ocrx_word' id='word_1_92' title='bbox 1225 1312 1374 1378; x_wconf 91' lang='lat' dir='ltr'>cupit</span> <span class='ocrx_word' id='word_1_93' title='bbox 1395 1329 1427 1363; x_wconf 92' lang='lat' dir='ltr'>a</span> <span class='ocrx_word' id='word_1_94' title='bbox 1447 1310 1602 1362; x_wconf 88' lang='lat' dir='ltr'>vobis</span> <span class='ocrx_word' id='word_1_95' title='bbox 1621 1310 1888 1377; x_wconf 81' lang='lat' dir='ltr'>discedere</span> <span class='ocrx_word' id='word_1_96' title='bbox 1909 1325 1925 1370; x_wconf 83' lang='grc'>;</span> <span class='ocrx_word' id='word_1_97' title='bbox 1947 1328 1951 1332; x_wconf 76' lang='grc'><strong>’</strong></span> 
     </span>
     <span class='ocr_line' id='line_1_16' title="bbox 357 1395 1930 1463; baseline -0.002 -16"><span class='ocrx_word' id='word_1_98' title='bbox 357 1398 401 1447; x_wconf 89' lang='grc'>51</span> <span class='ocrx_word' id='word_1_99' title='bbox 443 1399 543 1448; x_wconf 90' lang='lat' dir='ltr'>hac</span> <span class='ocrx_word' id='word_1_100' title='bbox 586 1396 807 1460; x_wconf 90' lang='lat' dir='ltr'>indigna</span> <span class='ocrx_word' id='word_1_101' title='bbox 851 1395 1146 1463; x_wconf 85' lang='lat' dir='ltr'>suspicione</span> <span class='ocrx_word' id='word_1_102' title='bbox 1189 1401 1384 1455; x_wconf 89' lang='lat' dir='ltr'>careat,</span> <span class='ocrx_word' id='word_1_103' title='bbox 1432 1395 1610 1446; x_wconf 89' lang='lat' dir='ltr'>animo</span> <span class='ocrx_word' id='word_1_104' title='bbox 1642 1411 1826 1460; x_wconf 89' lang='lat' dir='ltr'>aequo</span> <span class='ocrx_word' id='word_1_105' title='bbox 1867 1409 1930 1445; x_wconf 87' lang='lat' dir='ltr'>se</span> 
     </span>
     <span class='ocr_line' id='line_1_17' title="bbox 356 1479 1929 1550; baseline -0.003 -18"><span class='ocrx_word' id='word_1_106' title='bbox 356 1498 531 1533; x_wconf 85' lang='lat' dir='ltr'>carere</span> <span class='ocrx_word' id='word_1_107' title='bbox 562 1480 670 1531; x_wconf 92' lang='lat' dir='ltr'>suis</span> <span class='ocrx_word' id='word_1_108' title='bbox 700 1480 948 1531; x_wconf 91' lang='lat' dir='ltr'>omnibus</span> <span class='ocrx_word' id='word_1_109' title='bbox 978 1479 1271 1550; x_wconf 77' lang='lat' dir='ltr'>commodis</span> <span class='ocrx_word' id='word_1_110' title='bbox 1301 1479 1430 1530; x_wconf 90' lang='lat' dir='ltr'>dicit</span> <span class='ocrx_word' id='word_1_111' title='bbox 1454 1495 1465 1538; x_wconf 86' lang='grc'>;</span> <span class='ocrx_word' id='word_1_112' title='bbox 1518 1483 1670 1543; x_wconf 88' lang='lat' dir='ltr'>rogat</span> <span class='ocrx_word' id='word_1_113' title='bbox 1701 1482 1929 1544; x_wconf 87' lang='lat' dir='ltr'>oratque</span> 
     </span>
    </p>
   </div>
   <div class='ocr_carea' id='block_1_6' title="bbox 355 1561 2025 1636">
    <p class='ocr_par' dir='ltr' id='par_1_7' title="bbox 355 1561 2025 1636">
     <span class='ocr_line' id='line_1_18' title="bbox 355 1561 2025 1636; baseline -0.003 -20"><span class='ocrx_word' id='word_1_114' title='bbox 355 1570 425 1624; x_wconf 89' lang='lat' dir='ltr'>te,</span> <span class='ocrx_word' id='word_1_115' title='bbox 454 1566 806 1630; x_wconf 88' lang='lat' dir='ltr'>Chrysogone,</span> <span class='ocrx_word' id='word_1_116' title='bbox 833 1564 877 1614; x_wconf 90' lang='lat' dir='ltr'>si</span> <span class='ocrx_word' id='word_1_117' title='bbox 900 1563 1031 1636; x_wconf 82' lang='lat' dir='ltr'>nihil</span> <span class='ocrx_word' id='word_1_118' title='bbox 1054 1565 1120 1615; x_wconf 90' lang='lat' dir='ltr'>de</span> <span class='ocrx_word' id='word_1_119' title='bbox 1142 1563 1312 1629; x_wconf 83' lang='lat' dir='ltr'>patris</span> <span class='ocrx_word' id='word_1_120' title='bbox 1335 1563 1565 1614; x_wconf 79' lang='lat' dir='ltr'>fortunis</span> <span class='ocrx_word' id='word_1_121' title='bbox 1589 1561 1950 1628; x_wconf 73' lang='lat' dir='ltr'>amplissimis</span> <span class='ocrx_word' id='word_1_122' title='bbox 2010 1596 2025 1603; x_wconf 50' lang='grc' dir='ltr'><em>ι</em></span> 
     </span>
    </p>
   </div>
   <div class='ocr_carea' id='block_1_7' title="bbox 355 1634 1929 1882">
    <p class='ocr_par' dir='ltr' id='par_1_8' title="bbox 355 1634 1929 1882">
     <span class='ocr_line' id='line_1_19' title="bbox 355 1634 1920 1707; baseline -0.001 -10"><span class='ocrx_word' id='word_1_123' title='bbox 355 1648 411 1699; x_wconf 86' lang='grc'>111</span> <span class='ocrx_word' id='word_1_124' title='bbox 445 1665 597 1699; x_wconf 86' lang='grc'>5113111</span> <span class='ocrx_word' id='word_1_125' title='bbox 631 1656 743 1699; x_wconf 80' lang='lat' dir='ltr'>rem</span> <span class='ocrx_word' id='word_1_126' title='bbox 777 1649 1058 1707; x_wconf 86' lang='lat' dir='ltr'>convertit,</span> <span class='ocrx_word' id='word_1_127' title='bbox 1105 1648 1150 1698; x_wconf 87' lang='lat' dir='ltr'>si</span> <span class='ocrx_word' id='word_1_128' title='bbox 1183 1648 1329 1698; x_wconf 85' lang='lat' dir='ltr'>nulla</span> <span class='ocrx_word' id='word_1_129' title='bbox 1362 1647 1417 1696; x_wconf 91' lang='lat' dir='ltr'>in</span> <span class='ocrx_word' id='word_1_130' title='bbox 1452 1663 1507 1696; x_wconf 86' lang='lat' dir='ltr'>re</span> <span class='ocrx_word' id='word_1_131' title='bbox 1541 1651 1595 1696; x_wconf 90' lang='lat' dir='ltr'>te</span> <span class='ocrx_word' id='word_1_132' title='bbox 1629 1634 1920 1704; x_wconf 43' lang='lat' dir='ltr'>fraudabit,</span> 
     </span>
     <span class='ocr_line' id='line_1_20' title="bbox 358 1729 1924 1798; baseline -0.002 -16"><span class='ocrx_word' id='word_1_133' title='bbox 358 1733 401 1782; x_wconf 92' lang='lat' dir='ltr'>si</span> <span class='ocrx_word' id='word_1_134' title='bbox 426 1732 526 1782; x_wconf 92' lang='lat' dir='ltr'>tibi</span> <span class='ocrx_word' id='word_1_135' title='bbox 550 1732 755 1798; x_wconf 91' lang='lat' dir='ltr'>optima</span> <span class='ocrx_word' id='word_1_136' title='bbox 775 1732 883 1782; x_wconf 88' lang='lat' dir='ltr'>fide</span> <span class='ocrx_word' id='word_1_137' title='bbox 907 1748 1004 1782; x_wconf 90' lang='lat' dir='ltr'>sua</span> <span class='ocrx_word' id='word_1_138' title='bbox 1027 1731 1206 1782; x_wconf 90' lang='lat' dir='ltr'>omnia</span> <span class='ocrx_word' id='word_1_139' title='bbox 1231 1730 1503 1790; x_wconf 80' lang='lat' dir='ltr'>concessit,</span> <span class='ocrx_word' id='word_1_140' title='bbox 1532 1729 1924 1788; x_wconf 84' lang='lat' dir='ltr'>adnumeravit,</span> 
     </span>
     <span class='ocr_line' id='line_1_21' title="bbox 359 1814 1929 1882; baseline -0.003 -15"><span class='ocrx_word' id='word_1_141' title='bbox 359 1816 632 1882; x_wconf 85' lang='lat' dir='ltr'>adpendit,</span> <span class='ocrx_word' id='word_1_142' title='bbox 651 1817 695 1866; x_wconf 89' lang='lat' dir='ltr'>si</span> <span class='ocrx_word' id='word_1_143' title='bbox 711 1816 985 1875; x_wconf 87' lang='lat' dir='ltr'>vestitum,</span> <span class='ocrx_word' id='word_1_144' title='bbox 1007 1832 1113 1881; x_wconf 90' lang='lat' dir='ltr'>quo</span> <span class='ocrx_word' id='word_1_145' title='bbox 1130 1815 1242 1881; x_wconf 90' lang='lat' dir='ltr'>ipse</span> <span class='ocrx_word' id='word_1_146' title='bbox 1259 1819 1434 1866; x_wconf 87' lang='lat' dir='ltr'>tectus</span> <span class='ocrx_word' id='word_1_147' title='bbox 1451 1819 1580 1874; x_wconf 89' lang='lat' dir='ltr'>erat,</span> <span class='ocrx_word' id='word_1_148' title='bbox 1601 1814 1929 1879; x_wconf 87' lang='lat' dir='ltr'>anulumque</span> 
     </span>
    </p>
   </div>
   <div class='ocr_carea' id='block_1_8' title="bbox 358 1897 2032 1971">
    <p class='ocr_par' dir='ltr' id='par_1_9' title="bbox 358 1866 2147 1972">
     <span class='ocr_line' id='line_1_22' title="bbox 358 1897 2032 1971; baseline -0.01 -20"><span class='ocrx_word' id='word_1_149' title='bbox 358 1901 424 1951; x_wconf 91' lang='lat' dir='ltr'>de</span> <span class='ocrx_word' id='word_1_150' title='bbox 454 1899 620 1966; x_wconf 81' lang='lat' dir='ltr'>digito</span> <span class='ocrx_word' id='word_1_151' title='bbox 651 1917 806 1950; x_wconf 91' lang='lat' dir='ltr'>suum</span> <span class='ocrx_word' id='word_1_152' title='bbox 836 1900 936 1949; x_wconf 92' lang='lat' dir='ltr'>tibi</span> <span class='ocrx_word' id='word_1_153' title='bbox 965 1899 1204 1958; x_wconf 88' lang='lat' dir='ltr'>tradidit,</span> <span class='ocrx_word' id='word_1_154' title='bbox 1238 1899 1281 1948; x_wconf 92' lang='lat' dir='ltr'>si</span> <span class='ocrx_word' id='word_1_155' title='bbox 1312 1916 1377 1950; x_wconf 85' lang='lat' dir='ltr'>ex</span> <span class='ocrx_word' id='word_1_156' title='bbox 1407 1897 1654 1948; x_wconf 90' lang='lat' dir='ltr'>omnibus</span> <span class='ocrx_word' id='word_1_157' title='bbox 1683 1899 1840 1947; x_wconf 88' lang='lat' dir='ltr'>rebus</span> <span class='ocrx_word' id='word_1_158' title='bbox 1868 1913 1938 1971; x_wconf 69' lang='lat' dir='ltr'>se¹</span> <span class='ocrx_word' id='word_1_159' title='bbox 2013 1923 2032 1958; x_wconf 83' lang='lat'>.·</span> 
     </span>
    </p>
   </div>
   <div class='ocr_carea' id='block_1_9' title="bbox 358 1981 1997 2467">
    <p class='ocr_par' dir='ltr' id='par_1_10' title="bbox 358 1981 1997 2467">
     <span class='ocr_line' id='line_1_23' title="bbox 358 1981 1920 2050; baseline -0.001 -17"><span class='ocrx_word' id='word_1_160' title='bbox 358 1985 530 2050; x_wconf 89' lang='lat' dir='ltr'>ipsum</span> <span class='ocrx_word' id='word_1_161' title='bbox 563 1983 767 2036; x_wconf 88' lang='lat' dir='ltr'>nudum</span> <span class='ocrx_word' id='word_1_162' title='bbox 793 2000 965 2049; x_wconf 82' lang='lat' dir='ltr'>neque</span> <span class='ocrx_word' id='word_1_163' title='bbox 990 1990 1265 2049; x_wconf 78' lang='lat' dir='ltr'>praeterea</span> <span class='ocrx_word' id='word_1_164' title='bbox 1289 1983 1580 2048; x_wconf 86' lang='lat' dir='ltr'>quicquam</span> <span class='ocrx_word' id='word_1_165' title='bbox 1604 1981 1830 2047; x_wconf 88' lang='lat' dir='ltr'>excepit,</span> <span class='ocrx_word' id='word_1_166' title='bbox 1855 1986 1920 2032; x_wconf 91' lang='lat' dir='ltr'>ut</span> 
     </span>
     <span class='ocr_line' id='line_1_24' title="bbox 358 2063 1926 2133; baseline -0.001 -17"><span class='ocrx_word' id='word_1_167' title='bbox 358 2067 457 2117; x_wconf 86' lang='lat' dir='ltr'>sibi</span> <span class='ocrx_word' id='word_1_168' title='bbox 481 2084 574 2133; x_wconf 90' lang='lat' dir='ltr'>per</span> <span class='ocrx_word' id='word_1_169' title='bbox 597 2073 651 2118; x_wconf 88' lang='lat' dir='ltr'>te</span> <span class='ocrx_word' id='word_1_170' title='bbox 674 2067 830 2118; x_wconf 86' lang='lat' dir='ltr'>liceat</span> <span class='ocrx_word' id='word_1_171' title='bbox 854 2067 1124 2117; x_wconf 86' lang='lat' dir='ltr'>innocenti</span> <span class='ocrx_word' id='word_1_172' title='bbox 1147 2067 1437 2117; x_wconf 88' lang='lat' dir='ltr'>amicorum</span> <span class='ocrx_word' id='word_1_173' title='bbox 1461 2065 1651 2131; x_wconf 87' lang='lat' dir='ltr'>opibus</span> <span class='ocrx_word' id='word_1_174' title='bbox 1673 2064 1844 2116; x_wconf 86' lang='lat' dir='ltr'>vitam</span> <span class='ocrx_word' id='word_1_175' title='bbox 1867 2063 1926 2114; x_wconf 85' lang='lat' dir='ltr'>in</span> 
     </span>
     <span class='ocr_line' id='line_1_25' title="bbox 358 2136 1997 2217; baseline -0.002 -15"><span class='ocrx_word' id='word_1_176' title='bbox 358 2156 592 2217; x_wconf 89' lang='lat' dir='ltr'>egestate</span> <span class='ocrx_word' id='word_1_177' title='bbox 633 2151 832 2216; x_wconf 85' lang='lat' dir='ltr'>degere.</span> <span class='ocrx_word' id='word_1_178' title='bbox 907 2153 963 2201; x_wconf 91' lang='lat' dir='ltr'>L.</span> <span class='ocrx_word' id='word_1_179' title='bbox 1039 2150 1262 2201; x_wconf 83' lang='lat' dir='ltr'>Praedia</span> <span class='ocrx_word' id='word_1_180' title='bbox 1285 2167 1406 2200; x_wconf 90' lang='lat' dir='ltr'>mea</span> <span class='ocrx_word' id='word_1_181' title='bbox 1429 2155 1492 2199; x_wconf 91' lang='lat' dir='ltr'>tu</span> <span class='ocrx_word' id='word_1_182' title='bbox 1532 2148 1783 2214; x_wconf 78' lang='lat' dir='ltr'>possideS,</span> <span class='ocrx_word' id='word_1_183' title='bbox 1827 2164 1927 2212; x_wconf 86' lang='lat' dir='ltr'>ego</span> <span class='ocrx_word' id='word_1_184' title='bbox 1983 2136 1997 2177; x_wconf 60' lang='grc' dir='ltr'>ἶ</span> 
     </span>
     <span class='ocr_line' id='line_1_26' title="bbox 361 2232 1930 2298; baseline -0.001 -14"><span class='ocrx_word' id='word_1_185' title='bbox 361 2235 532 2285; x_wconf 88' lang='lat' dir='ltr'>aliena</span> <span class='ocrx_word' id='word_1_186' title='bbox 565 2234 922 2285; x_wconf 85' lang='lat' dir='ltr'>misericordia</span> <span class='ocrx_word' id='word_1_187' title='bbox 957 2234 1082 2284; x_wconf 80' lang='lat' dir='ltr'>vivo</span> <span class='ocrx_word' id='word_1_188' title='bbox 1105 2251 1117 2295; x_wconf 84' lang='lat'>;</span> <span class='ocrx_word' id='word_1_189' title='bbox 1175 2234 1421 2292; x_wconf 91' lang='lat' dir='ltr'>conced0,</span> <span class='ocrx_word' id='word_1_190' title='bbox 1461 2239 1513 2282; x_wconf 90' lang='lat' dir='ltr'>et</span> <span class='ocrx_word' id='word_1_191' title='bbox 1544 2233 1689 2298; x_wconf 89' lang='lat' dir='ltr'>quod</span> <span class='ocrx_word' id='word_1_192' title='bbox 1718 2232 1930 2282; x_wconf 82' lang='lat' dir='ltr'>animus</span> 
     </span>
     <span class='ocr_line' id='line_1_27' title="bbox 361 2313 1941 2383; baseline -0.003 -14"><span class='ocrx_word' id='word_1_193' title='bbox 361 2335 562 2383; x_wconf 88' lang='lat' dir='ltr'>aequus</span> <span class='ocrx_word' id='word_1_194' title='bbox 604 2325 698 2378; x_wconf 91' lang='lat' dir='ltr'>est,</span> <span class='ocrx_word' id='word_1_195' title='bbox 745 2324 799 2369; x_wconf 89' lang='lat' dir='ltr'>et</span> <span class='ocrx_word' id='word_1_196' title='bbox 841 2318 968 2383; x_wconf 89' lang='lat' dir='ltr'>quia</span> <span class='ocrx_word' id='word_1_197' title='bbox 1009 2332 1217 2368; x_wconf 90' lang='lat' dir='ltr'>necesse</span> <span class='ocrx_word' id='word_1_198' title='bbox 1261 2323 1355 2368; x_wconf 90' lang='lat' dir='ltr'>est.</span> <span class='ocrx_word' id='word_1_199' title='bbox 1430 2317 1565 2366; x_wconf 62' lang='lat' dir='ltr'>Meav</span> <span class='ocrx_word' id='word_1_200' title='bbox 1590 2317 1781 2371; x_wconf 88' lang='lat' dir='ltr'>domus</span> <span class='ocrx_word' id='word_1_201' title='bbox 1820 2313 1941 2366; x_wconf 80' lang='lat' dir='ltr'>tibi</span> 
     </span>
     <span class='ocr_line' id='line_1_28' title="bbox 361 2398 1929 2467; baseline -0.002 -15"><span class='ocrx_word' id='word_1_202' title='bbox 361 2407 527 2467; x_wconf 83' lang='lat' dir='ltr'>patet,</span> <span class='ocrx_word' id='word_1_203' title='bbox 559 2402 691 2452; x_wconf 90' lang='lat' dir='ltr'>mihi</span> <span class='ocrx_word' id='word_1_204' title='bbox 719 2402 899 2451; x_wconf 89' lang='lat' dir='ltr'>clausa</span> <span class='ocrx_word' id='word_1_205' title='bbox 927 2406 1006 2452; x_wconf 92' lang='lat' dir='ltr'>est</span> <span class='ocrx_word' id='word_1_206' title='bbox 1031 2417 1042 2460; x_wconf 85' lang='grc'>;</span> <span class='ocrx_word' id='word_1_207' title='bbox 1094 2403 1216 2452; x_wconf 79' lang='lat' dir='ltr'>fero.</span> <span class='ocrx_word' id='word_1_208' title='bbox 1293 2400 1517 2451; x_wconf 90' lang='lat' dir='ltr'>Familia</span> <span class='ocrx_word' id='word_1_209' title='bbox 1545 2417 1665 2450; x_wconf 86' lang='lat' dir='ltr'>mea</span> <span class='ocrx_word' id='word_1_210' title='bbox 1690 2398 1929 2449; x_wconf 77' lang='lat' dir='ltr'>maxima.</span> 
     </span>
    </p>
   </div>
   <div class='ocr_carea' id='block_1_10' title="bbox 362 2482 2018 2550">
    <p class='ocr_par' dir='ltr' id='par_1_11' title="bbox 362 2482 2151 2555">
     <span class='ocr_line' id='line_1_29' title="bbox 362 2482 2018 2550; baseline -0.002 -15"><span class='ocrx_word' id='word_1_211' title='bbox 362 2491 423 2535; x_wconf 91' lang='lat' dir='ltr'>tu</span> <span class='ocrx_word' id='word_1_212' title='bbox 473 2485 651 2545; x_wconf 66' lang='grc'>1116115,</span> <span class='ocrx_word' id='word_1_213' title='bbox 705 2502 800 2550; x_wconf 92' lang='lat' dir='ltr'>ego</span> <span class='ocrx_word' id='word_1_214' title='bbox 850 2502 1061 2535; x_wconf 89' lang='lat' dir='ltr'>servum</span> <span class='ocrx_word' id='word_1_215' title='bbox 1111 2487 1282 2535; x_wconf 91' lang='lat' dir='ltr'>habeo</span> <span class='ocrx_word' id='word_1_216' title='bbox 1323 2482 1571 2543; x_wconf 84' lang='grc'>11111111111;</span> <span class='ocrx_word' id='word_1_217' title='bbox 1641 2483 1819 2549; x_wconf 90' lang='lat' dir='ltr'>patior</span> <span class='ocrx_word' id='word_1_218' title='bbox 1866 2487 1922 2532; x_wconf 88' lang='lat' dir='ltr'>et</span> <span class='ocrx_word' id='word_1_219' title='bbox 1961 2529 1966 2534; x_wconf 86' lang='lat'><em>.</em></span> <span class='ocrx_word' id='word_1_220' title='bbox 2011 2523 2018 2526; x_wconf 85' lang='lat'>.</span> 
     </span>
    </p>
   </div>
   <div class='ocr_carea' id='block_1_11' title="bbox 358 2563 1992 3051">
    <p class='ocr_par' dir='ltr' id='par_1_12' title="bbox 358 2563 1992 3051">
     <span class='ocr_line' id='line_1_30' title="bbox 362 2563 1927 2646; baseline -0.002 -27"><span class='ocrx_word' id='word_1_221' title='bbox 362 2570 637 2620; x_wconf 80' lang='lat' dir='ltr'>ferendum</span> <span class='ocrx_word' id='word_1_222' title='bbox 659 2574 806 2634; x_wconf 90' lang='lat' dir='ltr'>puto.</span> <span class='ocrx_word' id='word_1_223' title='bbox 882 2568 1023 2634; x_wconf 74' lang='lat' dir='ltr'>Quid</span> <span class='ocrx_word' id='word_1_224' title='bbox 1046 2569 1127 2619; x_wconf 85' lang='lat' dir='ltr'>vis</span> <span class='ocrx_word' id='word_1_225' title='bbox 1150 2567 1419 2634; x_wconf 89' lang='lat' dir='ltr'>amplius?</span> <span class='ocrx_word' id='word_1_226' title='bbox 1469 2565 1633 2632; x_wconf 92' lang='lat' dir='ltr'>quid</span> <span class='ocrx_word' id='word_1_227' title='bbox 1621 2563 1927 2646; x_wconf 79' lang='lat' dir='ltr'>msequeriS,</span> 
     </span>
     <span class='ocr_line' id='line_1_31' title="bbox 362 2639 1992 2718; baseline -0.002 -16"><span class='ocrx_word' id='word_1_228' title='bbox 362 2652 492 2717; x_wconf 90' lang='lat' dir='ltr'>quid</span> <span class='ocrx_word' id='word_1_229' title='bbox 520 2669 828 2718; x_wconf 87' lang='lat' dir='ltr'>oppugnas</span> <span class='ocrx_word' id='word_1_230' title='bbox 818 2654 836 2690; x_wconf 56' lang='grc' dir='ltr'>Ρ</span> <span class='ocrx_word' id='word_1_231' title='bbox 890 2669 996 2717; x_wconf 87' lang='lat' dir='ltr'>qua</span> <span class='ocrx_word' id='word_1_232' title='bbox 1024 2653 1078 2701; x_wconf 93' lang='lat' dir='ltr'>in</span> <span class='ocrx_word' id='word_1_233' title='bbox 1106 2669 1160 2702; x_wconf 89' lang='lat' dir='ltr'>re</span> <span class='ocrx_word' id='word_1_234' title='bbox 1189 2658 1340 2713; x_wconf 87' lang='lat' dir='ltr'>tuam</span> <span class='ocrx_word' id='word_1_235' title='bbox 1366 2651 1703 2702; x_wconf 86' lang='lat' dir='ltr'>voluntatem</span> <span class='ocrx_word' id='word_1_236' title='bbox 1729 2639 1869 2700; x_wconf 89' lang='lat' dir='ltr'>laedi</span> <span class='ocrx_word' id='word_1_237' title='bbox 1886 2663 1929 2699; x_wconf 82' lang='grc'>3</span> <span class='ocrx_word' id='word_1_238' title='bbox 1987 2680 1992 2681; x_wconf 33' lang='lat'><em>⁷</em></span> 
     </span>
     <span class='ocr_line' id='line_1_32' title="bbox 358 2731 1974 2801; baseline -0.001 -16"><span class='ocrx_word' id='word_1_239' title='bbox 358 2753 444 2786; x_wconf 90' lang='lat' dir='ltr'>me</span> <span class='ocrx_word' id='word_1_240' title='bbox 487 2741 680 2801; x_wconf 87' lang='lat' dir='ltr'>putas.</span> <span class='ocrx_word' id='word_1_241' title='bbox 670 2738 689 2772; x_wconf 66' lang='lat'>³</span> <span class='ocrx_word' id='word_1_242' title='bbox 729 2735 848 2785; x_wconf 91' lang='lat' dir='ltr'>·ubi</span> <span class='ocrx_word' id='word_1_243' title='bbox 883 2736 999 2786; x_wconf 90' lang='grc'>11115</span> <span class='ocrx_word' id='word_1_244' title='bbox 1042 2735 1333 2786; x_wconf 91' lang='lat' dir='ltr'>commodis</span> <span class='ocrx_word' id='word_1_245' title='bbox 1376 2734 1588 2785; x_wconf 85' lang='lat' dir='ltr'>officio?</span> <span class='ocrx_word' id='word_1_246' title='bbox 1656 2733 1787 2798; x_wconf 90' lang='lat' dir='ltr'>quid</span> <span class='ocrx_word' id='word_1_247' title='bbox 1827 2731 1929 2784; x_wconf 89' lang='lat' dir='ltr'>tibi</span> <span class='ocrx_word' id='word_1_248' title='bbox 1971 2781 1974 2784; x_wconf 81' lang='grc'>,</span> 
     </span>
     <span class='ocr_line' id='line_1_33' title="bbox 361 2817 1985 2885; baseline -0.002 -16"><span class='ocrx_word' id='word_1_249' title='bbox 361 2821 559 2870; x_wconf 85' lang='lat' dir='ltr'>obsto?</span> <span class='ocrx_word' id='word_1_250' title='bbox 624 2820 678 2870; x_wconf 79' lang='lat' dir='ltr'>Si</span> <span class='ocrx_word' id='word_1_251' title='bbox 717 2820 1003 2885; x_wconf 91' lang='lat' dir='ltr'>spoliorum</span> <span class='ocrx_word' id='word_1_252' title='bbox 1044 2836 1204 2870; x_wconf 91' lang='lat' dir='ltr'>causa</span> <span class='ocrx_word' id='word_1_253' title='bbox 1242 2819 1323 2870; x_wconf 85' lang='lat' dir='ltr'>vis</span> <span class='ocrx_word' id='word_1_254' title='bbox 1362 2819 1631 2869; x_wconf 89' lang='lat' dir='ltr'>hominem</span> <span class='ocrx_word' id='word_1_255' title='bbox 1670 2817 1920 2875; x_wconf 88' lang='lat' dir='ltr'>occidere,</span> <span class='ocrx_word' id='word_1_256' title='bbox 1980 2848 1985 2850; x_wconf 92' lang='lat'><em>-</em></span> 
     </span>
     <span class='ocr_line' id='line_1_34' title="bbox 360 2900 1917 2970; baseline -0.003 -17"><span class='ocrx_word' id='word_1_257' title='bbox 360 2903 598 2970; x_wconf 88' lang='lat' dir='ltr'>spoliasti</span> <span class='ocrx_word' id='word_1_258' title='bbox 622 2919 633 2962; x_wconf 88' lang='lat'>;</span> <span class='ocrx_word' id='word_1_259' title='bbox 690 2903 820 2968; x_wconf 88' lang='lat' dir='ltr'>quid</span> <span class='ocrx_word' id='word_1_260' title='bbox 855 2903 1063 2967; x_wconf 90' lang='lat' dir='ltr'>quaeris</span> <span class='ocrx_word' id='word_1_261' title='bbox 1099 2903 1367 2968; x_wconf 90' lang='lat' dir='ltr'>amplius?</span> <span class='ocrx_word' id='word_1_262' title='bbox 1428 2902 1471 2952; x_wconf 93' lang='lat' dir='ltr'>si</span> <span class='ocrx_word' id='word_1_263' title='bbox 1505 2900 1917 2960; x_wconf 82' lang='lat' dir='ltr'>inimicitiarum,</span> 
     </span>
     <span class='ocr_line' id='line_1_35' title="bbox 360 2981 1930 3051; baseline -0.003 -15"><span class='ocrx_word' id='word_1_264' title='bbox 360 3003 496 3051; x_wconf 90' lang='lat' dir='ltr'>quae</span> <span class='ocrx_word' id='word_1_265' title='bbox 522 2991 646 3036; x_wconf 91' lang='lat' dir='ltr'>sunt</span> <span class='ocrx_word' id='word_1_266' title='bbox 674 2986 773 3036; x_wconf 90' lang='lat' dir='ltr'>tibi</span> <span class='ocrx_word' id='word_1_267' title='bbox 798 2986 1105 3037; x_wconf 89' lang='lat' dir='ltr'>inimicitiae</span> <span class='ocrx_word' id='word_1_268' title='bbox 1130 3003 1252 3036; x_wconf 92' lang='lat' dir='ltr'>cum</span> <span class='ocrx_word' id='word_1_269' title='bbox 1279 3003 1355 3044; x_wconf 90' lang='lat' dir='ltr'>e0,</span> <span class='ocrx_word' id='word_1_270' title='bbox 1385 2986 1534 3036; x_wconf 91' lang='lat' dir='ltr'>cuius</span> <span class='ocrx_word' id='word_1_271' title='bbox 1559 2989 1684 3034; x_wconf 89' lang='lat' dir='ltr'>ante</span> <span class='ocrx_word' id='word_1_272' title='bbox 1709 2981 1930 3048; x_wconf 82' lang='lat' dir='ltr'>praedia</span> 
     </span>
    </p>
   </div>
   <div class='ocr_carea' id='block_1_12' title="bbox 1959 0 2212 3284">
    <p class='ocr_par' dir='ltr' id='par_1_13' title="bbox 1959 0 2212 3284">
     <span class='ocr_line' id='line_1_36' title="bbox 1959 0 2212 3284; baseline 0 0"><span class='ocrx_word' id='word_1_273' title='bbox 1959 0 2212 3284; x_wconf 95' lang='lat' dir='ltr'> </span> 
     </span>
    </p>
   </div>
  </div>
 </body>
</html>
