2216 3288
655 371 800 420 CAP.
854 371 1004 428 XXI,
1058 371 1240 419 XXII.
1313 372 1570 433 §58--63
1831 370 1899 416 23

340 488 484 537 illam
508 489 850 538 calliditatem
876 494 1038 552 atque
1062 489 1412 552 prudentiam,
1443 487 1688 535 confitere
1715 486 1815 534 huc
1834 501 1895 533 ea

341 587 433 636 spe
450 571 668 629 venisse,
689 573 832 635 quod
849 577 1062 635 putares
1081 571 1162 620 hic
1182 571 1529 626 latrocinium,
1551 585 1656 618 non
1674 568 1924 616 iudicium

342 654 596 703 futurum.

410 737 490 785 De
525 737 802 800 parricidio
839 753 997 785 631153
1033 737 1258 794 dicitur;
1316 736 1451 784 ratio
1487 737 1554 784 ab
1592 738 1898 784 accusatore

341 819 550 869 reddita
577 836 682 868 non
711 826 806 876 est,
837 836 997 883 quam
1027 821 1093 868 ob
1124 835 1335 868 causam
1365 824 1570 883 patrem
1599 817 1735 866 filius
1763 816 1895 864 occi-

341 902 492 951 derit.
534 903 687 966 Quod
727 903 781 951 in
822 902 1051 950 minimis
1093 902 1262 950 noxiis
1304 907 1355 950 et
1398 902 1451 948 in
1493 900 1573 948 his
1614 898 1898 949 levioribus
1931 901 1997 951 62

341 985 584 1048 peccatis,
621 1002 756 1049 quae
787 985 953 1049 magis
986 987 1166 1035 crebra
1198 991 1249 1033 et
1298 984 1401 1032 iam
1435 1000 1597 1047 prope
1629 981 1895 1031 cotidiana

341 1072 480 1126 sunt,
516 1069 599 1116 vel
630 1067 859 1117 maxime
903 1073 955 1117 et
988 1068 1216 1131 primum
1249 1067 1533 1130 quaeritur,
1570 1082 1704 1129 quae
1737 1080 1895 1113 631153

340 1151 582 1199 maleficii
618 1151 790 1208 fuerit,
828 1151 882 1199 id
916 1151 1138 1199 Erucius
1172 1151 1225 1198 in
1261 1149 1538 1213 parricidio
1573 1149 1753 1212 quaeri
1788 1163 1894 1195 non

342 1237 500 1296 putat
535 1239 808 1298 oportere;
864 1234 917 1282 in
952 1250 1057 1297 quo
1091 1234 1294 1289 scelere,
1330 1232 1541 1289 iudices,
1579 1231 1739 1280 etiam
1774 1246 1894 1278 cum

342 1316 542 1364 multae
566 1333 753 1366 causae
779 1317 1082 1366 convenisse
1107 1333 1270 1364 unum
1297 1316 1349 1363 in
1375 1316 1547 1363 locum
1574 1319 1734 1378 atque
1758 1302 1897 1362 inter

342 1413 396 1447 se
433 1414 714 1462 congruere
751 1399 1014 1456 videntur,
1055 1404 1234 1448 tamen
1273 1415 1377 1447 non
1416 1403 1610 1446 temere
1647 1396 1893 1453 creditur,

343 1497 513 1545 neque
566 1482 667 1531 levi
720 1483 1020 1531 coniectura
1073 1499 1153 1531 res
1205 1481 1468 1546 penditur,
1523 1496 1692 1544 neque
1744 1479 1898 1528 testis

342 1563 573 1613 incertus
637 1566 864 1623 auditur,
931 1582 1101 1630 neque
1164 1564 1484 1614 accusatoris
1546 1562 1754 1626 ingenio
1816 1578 1896 1611 res

344 1646 621 1696 iudicatur.
696 1649 826 1697 Cum
874 1649 1044 1697 multa
1093 1653 1249 1696 antea
1297 1646 1574 1696 commissa
1622 1644 1891 1699 maleficia.

344 1745 464 1778 cum
483 1730 596 1780 vita
614 1732 839 1780 hominis
858 1731 1225 1796 perditissima,
1246 1736 1363 1779 tum
1382 1729 1656 1794 singularis
1675 1728 1896 1778 audacia

344 1814 655 1862 ostendatur
699 1830 905 1863 11666556
950 1820 1044 1872 651,
1093 1831 1262 1878 neque
1307 1812 1528 1874 audacia
1573 1812 1756 1869 solum,
1804 1811 1898 1860 sed

343 1910 580 1944 summus
605 1897 748 1946 furor
772 1903 933 1961 atque
959 1897 1204 1946 amentia.
1278 1892 1425 1945 Haec
1442 1911 1562 1944 curn
1579 1895 1684 1943 sint
1700 1894 1895 1953 omnia,

344 1982 523 2027 tamen
550 1986 758 2028 exstent
785 1985 995 2044 oportet
1022 1995 1265 2044 expressa
1291 1979 1494 2028 sceleris
1520 1977 1756 2042 vestigia,
1786 1976 1894 2034 ubi,

345 2077 451 2124 qua
488 2062 704 2119 ratione,
746 2079 836 2127 per
873 2080 1020 2127 quos,
1061 2080 1165 2127 quo
1203 2068 1438 2126 ternpore
1475 2060 1790 2110 maleficium
1828 2059 1896 2109 sit

344 2143 647 2194 admissum.
723 2146 868 2209 Quae
924 2145 1022 2195 nisi
1079 2146 1249 2194 multa
1305 2150 1357 2194 et
1414 2144 1697 2193 manifesta
1752 2150 1892 2201 sunt,

343 2228 579 2290 profecto
623 2244 700 2276 res
743 2234 854 2277 tam
897 2230 1129 2286 scelesta,
1175 2235 1286 2277 tarn
1329 2234 1497 2285 atrox,
1542 2232 1654 2276 tam
1696 2228 1897 2277 nefaria

345 2310 485 2358 credi
512 2327 617 2359 non
645 2316 836 2375 potest.
911 2313 1103 2376 Magna
1131 2316 1209 2360 est
1238 2310 1376 2360 6111111
1403 2311 1485 2360 ν15
1512 2310 1861 2360 1111111311113115
1885 2327 1895 2369 ;
1932 2314 2003 2364 63

343 2393 571 2441 111111111111
595 2395 739 2442 valet
761 2396 1060 2444 communio
1084 2394 1350 2457 sanguinis
1374 2410 1383 2453 ;
1428 2393 1724 2443 reclamitat
1746 2394 1898 2443 istius

346 2475 490 2523 modi
530 2476 911 2541 suspicionibus
949 2478 1064 2542 ipsa
1103 2483 1328 2534 natura;
1390 2481 1696 2541 portentum
1736 2481 1899 2540 atque

345 2565 640 2607 monstrum
693 2560 1038 2609 certissimum
1093 2565 1171 2608 est
1223 2575 1333 2609 esse
1384 2559 1614 2623 aliquem
1666 2560 1900 2608 humana

346 2642 515 2704 specie
568 2647 619 2691 et
673 2644 853 2705 figura,
909 2643 999 2706 qui
1052 2648 1265 2691 tantum
1318 2642 1651 2691 immanitate
1702 2642 1900 2692 bestias

346 2723 546 2782 vicerit,
592 2731 668 2782 ut,
715 2731 929 2789 propter
970 2742 1102 2789 quos
1144 2727 1278 2774 hanc
1322 2725 1687 2774 suavissimam
1729 2726 1900 2775 lucem

345 2807 623 2870 aspexerit,
660 2824 746 2856 eos
779 2808 1135 2871 indignissime
1167 2808 1280 2856 luce
1314 2808 1548 2871 privarit,
1585 2824 1705 2856 cum
1738 2808 1899 2857 etiam

346 2889 484 2938 feras
511 2890 647 2939 inter
675 2907 784 2939 sese
814 2895 996 2954 partus
1025 2896 1186 2954 atque
1215 2890 1457 2939 educatio
1486 2896 1539 2939 et
1567 2896 1759 2940 natura
1786 2890 1906 2954 ipsa

346 2972 599 3022 conciliet.
