2216 3288
205 821 308 871 153

210 1909 310 1959 154

337 366 405 415 58
428 364 572 414 PRO
597 364 751 414 SEX.
782 363 1051 414 ROSCIO.
1098 363 1242 413 CAP.
1275 363 1389 422 LII,
1416 363 1560 414 LIII.
1590 366 1614 427 ἓ
1643 365 1912 414 152-154

340 484 508 534 altera
542 489 694 550 parte
731 489 987 548 egentem,
1025 483 1329 549 probatum·
1349 481 1464 533 suis·
1490 482 1672 540 filiurn,
1710 482 1766 532 in
1801 498 1916 547 quo

341 584 448 636 non
475 568 635 617 modo
662 567 819 633 culpa
846 567 1004 625 nulla,
1035 566 1127 616 sed
1143 583 1209 616 ne
1235 563 1462 632 suspicio
1489 565 1704 630 quidem
1730 565 1914 631 potuit
1947 585 1956 588 ·

341 652 627 701 consistere
652 652 670 700 Ρ
712 650 989 715 Numquid
1023 650 1105 700 hic
1140 650 1285 700 aliud
1315 649 1516 700 videtis·
1543 651 1755 699 obstare
1787 650 1910 700 Sex,

342 734 550 794 Roscio,
589 735 688 784 nisi
722 735 867 799 quod
900 734 1068 800 patris
1100 735 1243 784 bona
1274 733 1599 784 venierunt?

449 820 594 868 LIII.
637 819 838 884 Quodsi
881 818 935 867 id
977 834 1075 868 vos
1117 817 1384 883 suscipitis
1427 821 1481 867 et
1524 807 1596 866 ad
1637 833 1756 866 eam
1798 831 1914 865 rem

340 919 556 968 operam
585 907 820 953 vestram
849 896 1186 967 profitemini,
1218 901 1263 951 si
1290 901 1484 950 idcirco
1507 900 1716 959 sedetiS,
1748 905 1810 950 ut
1839 899 1913 949 ad

343 1003 441 1036 vos
461 986 798 1036 adducantur
817 1003 997 1036 eorum
1018 986 1183 1045 liberi,
1207 1001 1433 1051 quorum
1451 985 1595 1049 bona
1613 983 1909 1040 venierunt,

345 1076 546 1129 cavete,
569 1087 662 1136 per
681 1071 807 1120 deos
825 1070 1167 1128 immortales
1189 1069 1402 1127 iudices
1424 1085 1490 1119 ne
1508 1085 1651 1119 nova
1669 1071 1723 1118 et
1741 1067 1919 1118 multo

346 1154 606 1204 crudelior
626 1171 720 1220 per
742 1171 838 1204 vos
859 1153 1173 1219 proscriptio
1195 1142 1495 1203 instaurata
1517 1168 1627 1202 esse
1647 1151 1910 1202 videatur.

347 1238 502 1288 Illam
526 1238 768 1303 pn'orem,
797 1255 932 1303 quae
959 1238 1103 1288 facta
1127 1243 1206 1287 est
1230 1237 1284 1286 in
1310 1234 1532 1301 eos‚.qui
1556 1252 1704 1285 arma
1727 1251 1918 1301 capere

347 1327 655 1386 potuerunt,
694 1327 877 1372 tamen
912 1327 1128 1371 senatus
1164 1321 1424 1386 suscipere
1460 1319 1646 1378 noluit,
1684 1336 1751 1369 ne
1786 1317 1918 1384 quid
1991 1379 1998 1383 μ

349 1405 535 1464 acrius
560 1422 723 1470 quam
743 1422 889 1455 more
909 1405 1171 1455 maiorum
1192 1408 1562 1469 comparatum
1584 1408 1679 1461 est,
1702 1402 1923 1468 publico

348 1489 565 1539 consilio
587 1490 790 1539 factum
812 1488 1083 1539 videretur
1106 1505 1116 1547 ;
1160 1490 1295 1538 hanc
1319 1505 1458 1546 vero,
1484 1504 1621 1552 quae
1643 1487 1714 1536 ad
1733 1502 1916 1537 eorum

347 1572 539 1622 liberos
563 1579 725 1638 atque
749 1573 817 1622 ad
840 1573 1127 1622 infantium
1151 1588 1434 1638 puerorum
1456 1569 1779 1621 incunabula
1800 1586 1920 1635 per-

348 1656 500 1715 tinet,
530 1657 629 1706 nisi
655 1659 755 1707 hoc
782 1656 975 1707 iudicio
1004 1674 1035 1706 a
1059 1656 1213 1706 vobis
1240 1655 1433 1706 reicitis
1460 1659 1512 1705 et
1540 1653 1916 1720 aspernamini,

350 1741 544 1798 videte,
592 1757 685 1806 per
729 1741 854 1790 deos
898 1741 1238 1798 immortaleS,
1286 1755 1444 1805 quem
1487 1739 1542 1788 in
1585 1739 1760 1787 locum
1793 1753 1919 1788 rem

349 1825 618 1888 publicam
647 1830 1025 1890 perventuram
1055 1824 1257 1890 putetis
1282 1825 1290 1873 ἲ

449 1903 709 1958 Homines
732 1909 997 1973 sapientes
1022 1913 1074 1957 et
1099 1907 1203 1956 ista
1227 1906 1547 1957 auctoritate
1572 1910 1624 1955 et
1648 1908 1926 1972 potestate

349 1992 634 2056 praeditos,
669 2009 776 2057 qua
806 2009 901 2042 vos
926 1992 1066 2050 estiS,
1093 2009 1158 2042 ex
1182 1991 1375 2055 quibus
1399 1991 1557 2041 rebus
1579 1989 1812 2039 maxime
1835 2003 1925 2038 res

345 2075 560 2140 publica
574 2076 799 2134 laborat,
820 2076 882 2125 iis
899 2075 1129 2125 maxime
1146 2075 1343 2124 mederi
1361 2072 1624 2124 convenit.
1666 2074 1916 2123 Vestrum

351 2175 507 2208 nemo
548 2165 642 2218 est,
686 2159 814 2224 quin
854 2160 1126 2224 intellegat
1166 2159 1423 2224 populum
1463 2159 1783 2214 Romanum,
1825 2155 1919 2221 qui

349 2243 621 2307 quondam
670 2243 723 2292 in
773 2245 951 2292 hostes
999 2242 1295 2292 lenissimus
1344 2241 1766 2298 existimabatur,
1817 2240 1923 2290 hoc·

350 2331 588 2391 tempore
615 2327 907 2377 domestica
931 2326 1245 2376 crudelitate
1270 2326 1522 2375 laborare.
1563 2319 1721 2374 Hanc
1747 2322 1926 2378 tollite

351 2426 415 2459 ex
443 2411 680 2470 civitate,
711 2410 925 2470 iudiceS,
952 2412 1090 2460 hanc
1117 2411 1230 2475 pati
1270 2410 1433 2459 nolite
1478 2408 1681 2458 diutius
1716 2408 1771 2456 in
1815 2408 1916 2457 hac

351 2510 405 2542 re
439 2494 653 2558 publica
686 2494 919 2549 versari;
976 2511 1113 2558 quae
1147 2510 1254 2543 non
1290 2493 1449 2542 modo
1483 2491 1539 2541 id
1571 2493 1737 2541 habet
1771 2490 1826 2540 in
1860 2505 1923 2541 se
1994 2490 2002 2494 ⁴

349 2577 491 2635 mali,
516 2578 661 2641 quod
682 2583 765 2627 tot
786 2578 927 2627 cives
949 2577 1273 2627 atrocissime
1294 2575 1525 2633 sustulit,
1549 2591 1734 2625 verum
1755 2573 1921 2624 etiam

351 2660 654 2710 hominibus
682 2660 959 2710 lenissimis
989 2660 1188 2710 ademit
1204 2658 1616 2710 misericordiam
1639 2662 1920 2708 consuetu-

352 2744 474 2794 dine
486 2745 955 2794 incommodorum.
996 2746 1134 2794 Nam
1149 2761 1270 2794 eum
1291 2742 1538 2793 omnibus
1557 2741 1698 2792 horis
1719 2740 1925 2806 aliquid

353 2828 604 2877 atrociter
625 2829 735 2877 fieri
758 2827 1000 2878 videmus
1023 2835 1116 2878 aut
1141 2828 1401 2885 audimus,
1428 2826 1590 2876 etiam
1613 2825 1704 2890 qui
1726 2829 1929 2875 natura?

350 2910 617 2960 mitissimi
637 2928 834 2969 sumus,
859 2911 1173 2961 assiduitate
1193 2910 1556 2961 molestiarum
1576 2925 1788 2958 sensum
1808 2924 1921 2958 om·

355 3011 474 3043 nem
498 2996 848 3044 humanitatis
869 3013 932 3044 ex
955 2995 1142 3044 animis
1163 2995 1475 3044 amittimus.
1939 2990 1941 2994 ⁴
