2216 3288
310 337 343 384 4
777 329 920 380 PRO
969 329 1124 381 SEX.
1176 328 1431 380 ROSCIO

311 492 486 526 nonne
524 491 645 524 cum
682 473 854 523 multa
899 472 1128 536 indigna,
1170 478 1287 522 tum
1334 471 1419 521 vel
1465 472 1564 520 hoc
1602 470 1896 536 indignissi-

313 576 462 610 mum
498 564 591 618 est,
629 574 726 607 vos
759 557 975 606 idoneos
1018 555 1244 614 habitos
1290 571 1383 620 per
1417 571 1641 620 quorum
1687 551 1892 603 senten—

313 644 416 694 tias
457 643 643 706 iusque
695 640 978 690 iurandum
1019 639 1075 688 id
1126 639 1498 704 adsequantur,
1553 638 1697 703 quod
1738 642 1897 687 antea

314 727 415 793 ipsi
450 726 637 776 scelere
674 731 727 775 et
774 725 909 774 ferro
947 723 1632 788 adsequi'consueverant?
1702 721 1794 787 qui
1829 737 1897 770 ex

316 811 534 862 civitate
573 810 627 858 in
677 813 922 858 senatum
960 812 1176 872 propter
1225 805 1554 870 dignitatem,
1606 822 1671 854 ex
1710 810 1898 854 senatu

316 895 371 944 in
395 896 495 944 hoc
531 893 804 943 consilium
831 890 1017 941 delecti
1053 891 1177 940 estis
1201 895 1416 955 propter
1450 888 1801 946 severitatem,
1830 888 1902 937 ab

318 978 398 1028 his
426 980 525 1028 hoc
551 976 819 1043 postulare
854 974 1094 1025 homines
1131 973 1341 1023 sicarios
1370 978 1530 1038 atque
1567 971 1900 1037 gladiatores,

319 1078 425 1111 non
470 1061 629 1110 modo
674 1065 735 1109 ut
792 1058 1048 1124 supplicia
1100 1058 1290 1115 vitent,
1339 1073 1475 1121 quae
1528 1073 1561 1105 a
1604 1054 1756 1105 vobis
1800 1071 1898 1120 pro

320 1143 588 1196 maleficiis
617 1143 725 1194 suis
763 1147 998 1193 metuere
1029 1146 1190 1206 atque
1228 1142 1435 1190 horrere
1463 1141 1675 1199 debent,
1715 1154 1903 1189 verum

320 1228 486 1279 etiam
538 1233 600 1277 ut
662 1226 842 1291 spoliis
894 1242 958 1275 ex
1021 1228 1120 1275 hoc
1173 1223 1365 1273 iudicio
1427 1223 1599 1274 ornati
1652 1221 1903 1286 auctique

321 1311 595 1362 discedant
619 1312 637 1359 Ρ

460 1397 547 1446 IV.
622 1394 720 1443 His
739 1393 805 1442 de
824 1392 980 1443 rebus
1008 1391 1175 1441 tantis
1193 1397 1411 1455 tamque
1440 1389 1707 1440 atrocibus
1732 1404 1907 1454 neque

323 1479 453 1531 satis
469 1495 553 1528 me
571 1476 845 1528 commode
874 1477 1044 1525 dicere
1059 1491 1230 1540 neque
1257 1475 1386 1524 satis
1402 1473 1632 1538 graviter
1657 1471 1911 1536 conqueri

323 1579 494 1627 neque
533 1562 663 1612 satis
700 1562 860 1612 libere
899 1559 1174 1610 vociferari
1223 1574 1377 1624 posse
1416 1557 1673 1622 intellego.
1762 1557 1906 1606 Nam

325 1645 693 1697 commoditati
725 1643 1006 1709 ingenium,
1042 1642 1295 1706 gravitati
1317 1646 1479 1700 aetas
1515 1641 1749 1690 libertati
1771 1644 1903 1689 tem-

325 1747 455 1797 pora
480 1735 605 1779 sunt
633 1728 1032 1794 impedimento,
1083 1727 1202 1775 Huc
1223 1726 1426 1775 accedit
1453 1740 1695 1774 summus
1722 1723 1900 1781 timor,

325 1830 485 1879 quem
509 1814 640 1863 mihi
665 1818 857 1862 natura
890 1812 1164 1876 pudorque
1196 1825 1345 1860 meus
1369 1808 1616 1859 attribuit
1652 1813 1705 1857 et
1727 1811 1910 1856 vestra

325 1897 556 1962 dignitas
584 1903 636 1946 et
663 1896 745 1945 vis
781 1894 1200 1945 adversariorum
1237 1898 1289 1943 et
1318 1894 1432 1943 Sex.
1476 1891 1633 1942 Rosci
1659 1890 1907 1956 pericula.

327 1982 661 2048 Quapropter
684 1996 780 2029 vos
805 1995 894 2030 oro
921 1984 1083 2042 atque
1116 1977 1346 2035 obsecro,
1372 1976 1583 2034 iudices,
1615 1980 1677 2025 ut
1702 1978 1913 2024 attente

223 2067 292 2120 10
327 2067 573 2129 bonaque
601 2080 723 2113 curn
750 2062 907 2112 venia
934 2063 1098 2111 verba
1136 2077 1254 2110 mea
1283 2059 1524 2109 audiatis.
1615 2058 1744 2109 Fide
1773 2057 1907 2123 sapi-

328 2149 578 2212 entiaque
601 2152 780 2196 vestra
814 2146 980 2195 fretus
1004 2145 1121 2210 plus
1155 2144 1325 2194 oneris
1350 2141 1552 2200 sustuli,
1589 2158 1752 2207 quarn
1776 2139 1912 2190 ferre

329 2249 414 2283 me
440 2247 597 2298 posse
621 2231 883 2294 intellego.
966 2229 1086 2279 Hoc
1111 2244 1242 2278 onus
1269 2228 1313 2277 si
1336 2243 1433 2277 vos
1458 2226 1635 2291 aliqua
1669 2241 1736 2275 ex
1759 2229 1915 2290 parte

329 2314 659 2372 adlevabitis,
690 2314 870 2372 feram,
910 2318 971 2362 ut
999 2317 1197 2377 potero,
1229 2310 1405 2360 studio
1441 2314 1494 2359 et
1520 2308 1794 2367 industria,
1832 2308 1910 2356 iu-

330 2399 471 2450 dices
494 2416 504 2458 ;
558 2398 637 2447 sin
661 2415 692 2448 a
712 2396 961 2456 vobis-id
991 2395 1135 2460 quod
1156 2411 1263 2444 non
1285 2410 1449 2459 spem,
1484 2393 1704 2452 deserar,
1730 2395 1913 2440 tamen

331 2482 508 2532 animo
528 2498 635 2531 non
663 2481 903 2530 deficiam
924 2485 977 2530 et
996 2479 1065 2538 id,
1099 2479 1243 2543 quod
1262 2476 1479 2542 suscepi,
1503 2476 1680 2541 quoad
1705 2480 1911 2541 poterO,

332 2566 606 2631 perferam.
689 2564 843 2629 Quod
871 2563 915 2612 si
940 2563 1166 2628 perferre
1202 2578 1309 2611 non
1336 2566 1535 2626 potero,
1576 2558 1801 2624 opprimi
1826 2574 1917 2607 me

283 2662 288 2667 ’
332 2666 487 2701 onere
511 2648 667 2698 officii
698 2649 839 2697 malo
864 2663 1026 2711 quam
1049 2646 1119 2703 id,
1146 2646 1291 2710 quod
1321 2644 1452 2694 mihi
1476 2659 1597 2693 cum
1629 2642 1732 2692 fide
1755 2641 1918 2692 semel

231 2904 290 2955 11

332 2733 641 2799 impositum
691 2736 785 2791 est,
839 2735 933 2781 aut
982 2733 1197 2795 propter
1246 2727 1520 2795 perfidiam
1567 2726 1768 2776 abicere
1819 2729 1915 2774 aut

334 2821 550 2884 propter
576 2815 940 2865 infirmitatem
967 2813 1129 2863 animi
1156 2813 1429 2878 deponere.

434 2902 509 2950 Te
553 2915 764 2964 quoque
798 2913 991 2962 magno
1027 2913 1195 2963 opere,
1244 2896 1312 2946 M.
1351 2895 1537 2952 Fanni,
1575 2907 1786 2959 quaeso,
1833 2895 1910 2950 ut,

337 2985 547 3050 qualem
569 2987 623 3032 te
653 2982 760 3031 iam
784 2986 942 3031 antea
970 2980 1166 3046 populo
1188 2980 1432 3029 Romano
1462 2975 1767 3044 praebuisti,
1791 2989 1916 3025 cum
